2674 4570
548 241 556 268 Ι

231 266 291 342 ιιι
365 305 368 310 -
452 247 456 255 ’
711 271 801 338 1522.
844 221 853 234 ⁸

436 369 443 408 ι

229 425 320 494 dicit,
339 429 369 480 et
387 434 418 480 tu
436 440 505 482 eum
522 429 583 484 hoc
601 447 662 484 non
679 430 703 496 ¹)
722 421 870 500 docuisti,
890 419 973 486 certe
990 429 1106 486 animus
1125 431 1189 500 ejus
1207 429 1283 500 ejus.

211 517 308 572 modi
328 529 392 586 est,
415 519 475 589 qui·
490 521 602 574 larvam
620 519 816 576 cardinalatus
835 533 864 576 et
881 536 1022 596 pompam
1041 521 1282 593 episcopalem&

227 609 379 679 ablegare,
398 619 428 664 et
444 610 529 664 verbi
546 611 713 666 ministerio
732 629 765 666 se
785 613 941 682 accingere
959 599 1172 684 praestituerit.
1190 609 1214 676 ³)
1246 615 1283 666 at

226 699 302 752 haec
320 691 411 770 quai)
429 701 548 756 suadela
566 691 830 758 fore'credemus?
856 701 1047 772 Impossibile
1066 711 1125 769 est,
1144 713 1176 755 ut
1194 701 1223 754 in
1240 702 1284 754 via

226 788 347 844 salutis
339 789 405 858 sit,
425 791 522 844 donec
541 791 631 845 fuerit
648 791 811 862 episcopus
830 801 875 846 tot
890 791 1120 859 Ecclesiamm,
1147 805 1217 844 cum
1233 791 1281 844 vix

225 879 378 951 parvulam
403 880 577 960 parochiam
603 881 807 936 administrare
833 890 942 952 potens
969 881 1018 936 sit.
1053 884 1094 936 At
1119 869 1282 948 ⁵)difficile

211 980 289 1050 ⁸est,
308 980 341 1024 ut
357 971 507 1041 resignet,
527 981 556 1026 et
573 971 726 1043 parochus
745 971 803 1027 liat.
837 971 877 1027 Et
895 972 981 1044 quis,
1010 973 1149 1044 inquies,
1167 973 1283 1027 audebit

224 1061 301 1134 haec
317 1053 342 1129 ⁶)
361 1062 505 1132 exigere?
539 1063 740 1134 Respondeo:
770 1073 799 1117 et
825 1063 979 1135 quomodo
1003 1072 1035 1118 tu
1059 1079 1189 1119 securus
1208 1063 1280 1130 eris,

223 1148 280 1208 nisi
307 1151 464 1206 veritatem
488 1152 567 1206 hanc
595 1153 623 1206 ei
652 1152 803 1222 cognitam
826 1153 948 1207 feceris.
983 1152 1066 1208 Fove
1096 1163 1125 1208 et
1156 1153 1281 1208 connire

223 1252 346 1315 postea,
374 1243 429 1296 sed
445 1242 575 1314 primum
591 1243 667 1300 haec
687 1243 713 1296 ei
731 1253 801 1298 nota
819 1243 927 1312 facito,
949 1244 1042 1338 sciat,
1062 1257 1124 1314 quo
1143 1243 1280 1314 peccari,

82 1340 85 1351 “
146 1359 155 1372 =
223 1349 285 1405 quo
302 1349 363 1388 non
380 1333 500 1404 peccari
518 1333 626 1404 possit.
661 1324 833 1390 Dein'dene
850 1310 1013 1407 peccetur,
1033 1351 1219 1406 cooperare,
1237 1345 1282 1387 aut

222 1437 252 1478 st
267 1421 418 1494 peccant
445 1423 590 1491 tolerato,
615 1441 677 1478 non
702 1435 801 1480 autem
826 1426 987 1482 conniveto
1015 1434 1045 1478 et
1066 1425 1198 1480 tolerato
1219 1439 1282 1480 ante

155 1527 158 1538 ·
222 1506 432 1581 scientiam.⁷)
466 1514 534 1568 Hoc
559 1513 639 1567 enim
665 1515 737 1570 iacit
763 1515 893 1570 crudelis
922 1513 1070 1582 adulatio,
1099 1530 1177 1586 quae
1205 1514 1282 1584 fingit

220 1603 400 1659 modestiam
411 1602 482 1674 sive
501 1603 714 1672 christianam,
734 1603 798 1670 sive
816 1605 987 1660 humanam.

204 1767 206 1775 .
284 1717 356 1771 Jam
372 1709 398 1785 8)
417 1717 571 1788 quomodo
590 1726 619 1772 et
636 1717 697 1771 hoc
715 1733 821 1770 verum
839 1682 907 1771 cisse
934 1717 1070 1785 credam,
1096 1717 1179 1788 quod
1207 1727 1237 1772 et
1253 1727 1279 1770 tn

220 1799 347 1875 scribis,
366 1807 556 1862 sacerdotem
570 1807 711 1861 uxorium
728 1806 903 1876 liberatum,
922 1817 951 1860 et
968 1805 1016 1860 ille
1027 1807 1158 1882 scribit,
1177 1824 1280 1862 causas

220 1897 370 1965 scribendi
398 1897 489 1951 libelli
512 1897 571 1951 mei
595 1895 772 1968 jamdudum
796 1895 926 1950 sublatas
951 1913 967 1949 e
990 1897 1115 1952 medio?
1149 1895 1281 1952 Pulchra

122 1985 127 1994 ’
218 1989 373 2056 liberatio,
400 1985 485 2060 quasi
509 2005 570 2042 non
593 1987 695 2060 potior
719 1986 827 2041 fuisset
845 1988 910 2056 ejus
928 1979 953 2054 9)
971 1985 1100 2042 occisio.
1134 1987 1279 2058 Abjurare

190 2081 193 2086 “
219 2078 363 2148 coegistis
390 2078 568 2131 uxorculam
594 2087 698 2131 contra
723 2077 758 2142 ¹⁰)
785 2077 1019 2145 conscientiam,
1049 2077 1085 2131 de
1114 2093 1176 2148 quo
1202 2095 1281 2130 nunc

219 2169 310 2224 dolet.
346 2167 504 2235 Obsecro,
523 2181 558 2223 an
575 2165 695 2220 tentatis
715 2166 803 2220 etiam
821 2165 963 2236 Spiritum
982 2169 1142 2222 sanctum?
1170 2166 1280 2222 Nonne

218 2257 421 2330 perseveratis
440 2257 470 2309 in
488 2255 557 2312 odio
575 2255 770 2310 sacerdotalis
789 2257 937 2326 conjugii,
963 2256 1059 2310 donec
1077 2273 1139 2310 non
1157 2273 1281 2312 revoca.

218 2347 258 2403 tis
277 2357 414 2403 exactam
431 2345 648 2418 abjurationem
665 2355 694 2399 et
712 2346 832 2401 divortii
851 2347 965 2418 impleti
983 2349 1017 2414 11)
1035 2346 1235 2403 violentiam?

284 2454 424 2517 Scortum
450 2469 513 2528 est,
541 2459 660 2532 inquis,
686 2447 854 2528 12)'rlretor
878 2459 1002 2530 optimc.
1037 2462 1078 2515 At
1105 2459 1168 2514 hoc
1198 2462 1281 2533 prius

219 2553 436 2626 explorandum
454 2553 560 2606 fuerat.
593 2551 681 2619 Jam,
699 2559 731 2605 ut
748 2550 879 2606 maxime
898 2561 1034 2605 scortum
1052 2551 1160 2620 fuerit,
1180 2555 1281 2607 curin

162 2656 166 2666 ’
218 2645 301 2700 hunc
318 2640 411 2697 unum
429 2639 631 2709 insanivistis,
658 2651 687 2695 et
704 2641 871 2713 prostibula
895 2652 996 2696 vestra
1019 2641 1279 2711 Halberstadiana,

200 2733 398 2804 ‘Mogitntina
416 2741 445 2787 et
457 2730 728 2801 Magdeburgcnsia
741 2731 853 2801 aliaque
868 2730 1021 2784 innumera
1034 2732 1145 2787 clausis
1160 2733 1280 2787 auribus

219 2833 366 2896 perpetuo
385 2822 537 2876 transitis?
570 2819 662 2876 Vides
681 2829 761 2874 tuam
779 2819 963 2874 rhetoricam
980 2821 1031 2874 hic
1051 2817 1087 2889 ¹³)
1103 2821 1182 2877 nihil
1196 2823 1280 2888 esse,

218 2913 346 2969 Fabrici.
382 2909 488 2978 Certe',
506 2911 556 2965 ubi
576 2909 773 2965 confitebatur
789 2925 919 2965 uxorem
934 2927 1006 2965 esse
1016 2952 1025 2980 ,
1044 2927 1101 2968 vos
1120 2913 1280 2984 quiescere

220 3011 411 3076 oportuerat,
437 3012 486 3056 aut
502 3001 629 3057 Paulum
648 3001 822 3068 confutare,
853 3001 904 3074 qui
922 3002 1090 3057 doctrinam
1108 3004 1280 3062 daemonio.

218 3113 286 3152 rum
309 3111 441 3164 vocans,
468 3093 633 3149 clarissime
660 3093 776 3145 damnat
800 3091 891 3174 istum
915 3095 1102 3166 caelibatum.
1139 3095 1234 3171 Quod
1256 3098 1283 3152 si

218 3187 396 3243 mentiretur
412 3201 542 3241 uxorem
565 3199 649 3238 suam
665 3173 701 3250 14)
720 3198 806 3250 esse,
832 3183 1002 3255 pericultun
1025 3185 1090 3256 ejus
1117 3197 1213 3266 erat,
1224 3203 1278 3242 tos

220 3279 293 3334 salvi
312 3278 412 3340 eratis
489 3274 495 3288 ³

217 3397 750 3454 ,....................“-.-ι.-..

263 3535 289 3584 ι)
304 3529 398 3574 Auris.
413 3528 509 3574 sincere
523 3538 584 3573 euna.
617 3529 639 3582 2)
653 3526 748 3572 Auris.
764 3525 955 3584 episcopatuum.
987 3529 1011 3578 3)
1026 3529 1121 3574 Auris.
1137 3533 1276 3586 praestabit

218 3603 352 3658 ttViteb.
368 3603 414 3648 lior
429 3611 544 3660 quaram-
580 3605 602 3654 5)
616 3601 712 3646 vitet.
728 3611 752 3648 ιι
765 3612 784 3648 t.
798 3604 819 3648 b.
833 3603 879 3650 ῶν.
897 3601 1051 3658 impossibile
1065 3605 1115 3660 est,
1137 3611 1164 3652 ul
1176 3606 1211 3651 sir
1225 3620 1277 3664 par=

219 3675 845 3734 vrtlanpuorlriznnadministrarepercussit,ac.
883 3675 1098 3730 divinabat.
1137 3680 1160 3732 7)
1180 3681 1276 3726 vitet.

218 3765 237 3800 e.
251 3753 332 3814 altor.
346 3751 453 3795 tolerato
468 3752 494 3794 et
506 3743 654 3804 conrivato,
675 3748 726 3795 sivo
740 3761 784 3806 per
798 3748 967 3802 christianam,
989 3749 1042 3796 sive
1055 3751 1184 3800 Ιιιιιιιιιιιιιιι
1198 3756 1277 3799 uode:

219 3823 567 3881 attarmsiimpieerravertt.
606 3822 858 3876 8)Viteb.†vero.
896 3827 918 3876 9)
938 3823 1035 3870 Vileh.
1055 3825 1086 3870 ei.
1126 3831 1159 3878 tot
1180 3827 1274 3874 Viteb.

219 3903 343 3948 adversus.
371 3895 609 3949 ‘tltvitebsarti
646 3896 910 3954 militabimus,
931 3901 990 3944 erat
1030 3898 1273 3953 iuvita-bie.

219 3977 252 4027 rt)
271 3971 369 4022 vtteb,
382 3981 493 4032 —suan
1237 3963 1239 3968 '
