<?xml version="1.0" encoding="UTF-8"?>
<!DOCTYPE html PUBLIC "-//W3C//DTD XHTML 1.0 Transitional//EN"
    "http://www.w3.org/TR/xhtml1/DTD/xhtml1-transitional.dtd">
<html xmlns="http://www.w3.org/1999/xhtml" xml:lang="en" lang="en">
 <head>
  <title>
</title>
<meta http-equiv="Content-Type" content="text/html;charset=utf-8" />
  <meta name='ocr-system' content='tesseract 3.04.00' />
  <meta name='ocr-capabilities' content='ocr_page ocr_carea ocr_par ocr_line ocrx_word'/>
</head>
<body>
  <div class='ocr_page' id='page_1' title='image "./briefesendschre09luthgoog/briefesendschre09luthgoog_0067.png"; bbox 0 0 2736 4564; ppageno 0'>
   <div class='ocr_carea' id='block_1_1' title="bbox 140 261 828 332">
    <p class='ocr_par' dir='ltr' id='par_1_1' title="bbox 140 261 828 332">
     <span class='ocr_line' id='line_1_1' title="bbox 140 261 828 332; baseline 0.003 -2"><span class='ocrx_word' id='word_1_1' title='bbox 140 297 142 305; x_wconf 40' lang='lat' dir='ltr'>v</span> <span class='ocrx_word' id='word_1_2' title='bbox 219 311 226 331; x_wconf 90' lang='lat'><strong>.</strong></span> <span class='ocrx_word' id='word_1_3' title='bbox 248 261 292 330; x_wconf 79' lang='lat'>³6</span> <span class='ocrx_word' id='word_1_4' title='bbox 736 261 828 332; x_wconf 69' lang='lat'><strong>1521·</strong></span> 
     </span>
    </p>
   </div>
   <div class='ocr_carea' id='block_1_2' title="bbox 155 419 1318 2197">
    <p class='ocr_par' dir='ltr' id='par_1_2' title="bbox 155 419 1318 2197">
     <span class='ocr_line' id='line_1_2' title="bbox 155 419 1314 502; baseline -0.003 -24"><span class='ocrx_word' id='word_1_5' title='bbox 155 483 160 502; x_wconf 29' lang='lat' dir='ltr'>k</span> <span class='ocrx_word' id='word_1_6' title='bbox 248 436 391 496; x_wconf 74' lang='lat' dir='ltr'>peccasse</span> <span class='ocrx_word' id='word_1_7' title='bbox 408 421 456 478; x_wconf 87' lang='lat' dir='ltr'>vel</span> <span class='ocrx_word' id='word_1_8' title='bbox 469 439 531 480; x_wconf 90' lang='lat' dir='ltr'>non</span> <span class='ocrx_word' id='word_1_9' title='bbox 539 437 703 496; x_wconf 74' lang='lat' dir='ltr'>peccasse:</span> <span class='ocrx_word' id='word_1_10' title='bbox 720 422 772 478; x_wconf 85' lang='lat' dir='ltr'>sed</span> <span class='ocrx_word' id='word_1_11' title='bbox 784 421 846 478; x_wconf 92' lang='lat' dir='ltr'>hoc</span> <span class='ocrx_word' id='word_1_12' title='bbox 858 428 980 488; x_wconf 80' lang='lat' dir='ltr'>movet,</span> <span class='ocrx_word' id='word_1_13' title='bbox 997 420 1077 492; x_wconf 84' lang='lat' dir='ltr'>quod</span> <span class='ocrx_word' id='word_1_14' title='bbox 1089 419 1228 485; x_wconf 78' lang='lat' dir='ltr'>Christus</span> <span class='ocrx_word' id='word_1_15' title='bbox 1242 435 1314 476; x_wconf 87' lang='lat' dir='ltr'>neu.</span> 
     </span>
     <span class='ocr_line' id='line_1_3' title="bbox 205 508 1317 584; baseline -0.004 -16"><span class='ocrx_word' id='word_1_16' title='bbox 205 538 207 549; x_wconf 48' lang='grc' dir='ltr'>ι</span> <span class='ocrx_word' id='word_1_17' title='bbox 250 523 326 568; x_wconf 90' lang='lat' dir='ltr'>tram</span> <span class='ocrx_word' id='word_1_18' title='bbox 343 513 457 583; x_wconf 76' lang='lat' dir='ltr'>exegit:</span> <span class='ocrx_word' id='word_1_19' title='bbox 474 514 554 568; x_wconf 89' lang='lat' dir='ltr'>sicut</span> <span class='ocrx_word' id='word_1_20' title='bbox 569 508 625 567; x_wconf 85' lang='lat' dir='ltr'>nec</span> <span class='ocrx_word' id='word_1_21' title='bbox 642 513 811 567; x_wconf 84' lang='lat' dir='ltr'>necessario</span> <span class='ocrx_word' id='word_1_22' title='bbox 829 510 1016 584; x_wconf 72' lang='lat' dir='ltr'>baptismum</span> <span class='ocrx_word' id='word_1_23' title='bbox 1034 512 1146 581; x_wconf 73' lang='lat' dir='ltr'>exigit,</span> <span class='ocrx_word' id='word_1_24' title='bbox 1172 511 1198 566; x_wconf 91' lang='lat' dir='ltr'>si</span> <span class='ocrx_word' id='word_1_25' title='bbox 1215 512 1317 582; x_wconf 87' lang='lat' dir='ltr'>probi.</span> 
     </span>
     <span class='ocr_line' id='line_1_4' title="bbox 250 600 1317 676; baseline -0.007 -16"><span class='ocrx_word' id='word_1_26' title='bbox 250 604 320 660; x_wconf 82' lang='lat' dir='ltr'>beat</span> <span class='ocrx_word' id='word_1_27' title='bbox 336 619 443 676; x_wconf 86' lang='lat' dir='ltr'>aquam</span> <span class='ocrx_word' id='word_1_28' title='bbox 459 613 601 674; x_wconf 85' lang='lat' dir='ltr'>tyrannus</span> <span class='ocrx_word' id='word_1_29' title='bbox 618 604 665 657; x_wconf 87' lang='lat' dir='ltr'>vel</span> <span class='ocrx_word' id='word_1_30' title='bbox 682 600 858 669; x_wconf 47' lang='lat' dir='ltr'>mundum).</span> <span class='ocrx_word' id='word_1_31' title='bbox 893 603 940 658; x_wconf 90' lang='lat' dir='ltr'>Sic</span> <span class='ocrx_word' id='word_1_32' title='bbox 958 611 1074 674; x_wconf 84' lang='lat' dir='ltr'>separat</span> <span class='ocrx_word' id='word_1_33' title='bbox 1090 601 1190 656; x_wconf 90' lang='lat' dir='ltr'>virum</span> <span class='ocrx_word' id='word_1_34' title='bbox 1207 611 1235 655; x_wconf 87' lang='lat' dir='ltr'>et</span> <span class='ocrx_word' id='word_1_35' title='bbox 1251 618 1317 656; x_wconf 87' lang='lat' dir='ltr'>mn.</span> 
     </span>
     <span class='ocr_line' id='line_1_5' title="bbox 249 691 1317 767; baseline -0.006 -15"><span class='ocrx_word' id='word_1_36' title='bbox 249 693 355 752; x_wconf 87' lang='lat' dir='ltr'>lierem</span> <span class='ocrx_word' id='word_1_37' title='bbox 378 694 618 767; x_wconf 74' lang='lat' dir='ltr'>persecutionum</span> <span class='ocrx_word' id='word_1_38' title='bbox 646 694 809 761; x_wconf 85' lang='lat' dir='ltr'>violentia,</span> <span class='ocrx_word' id='word_1_39' title='bbox 841 707 918 766; x_wconf 87' lang='lat' dir='ltr'>quos</span> <span class='ocrx_word' id='word_1_40' title='bbox 943 704 1043 750; x_wconf 89' lang='lat' dir='ltr'>tamen</span> <span class='ocrx_word' id='word_1_41' title='bbox 1069 693 1157 748; x_wconf 85' lang='lat' dir='ltr'>Deus</span> <span class='ocrx_word' id='word_1_42' title='bbox 1184 691 1317 764; x_wconf 81' lang='lat' dir='ltr'>separari</span> 
     </span>
     <span class='ocr_line' id='line_1_6' title="bbox 251 780 1317 866; baseline -0.003 -25"><span class='ocrx_word' id='word_1_43' title='bbox 251 785 409 860; x_wconf 82' lang='lat' dir='ltr'>prohibet:</span> <span class='ocrx_word' id='word_1_44' title='bbox 437 799 534 856; x_wconf 85' lang='lat' dir='ltr'>neque</span> <span class='ocrx_word' id='word_1_45' title='bbox 557 785 636 840; x_wconf 83' lang='lat' dir='ltr'>cuim</span> <span class='ocrx_word' id='word_1_46' title='bbox 659 780 847 866; x_wconf 78' lang='lat' dir='ltr'>consentiunt</span> <span class='ocrx_word' id='word_1_47' title='bbox 871 783 1022 856; x_wconf 76' lang='lat' dir='ltr'>separari·</span> <span class='ocrx_word' id='word_1_48' title='bbox 1045 781 1090 838; x_wconf 91' lang='lat' dir='ltr'>lta</span> <span class='ocrx_word' id='word_1_49' title='bbox 1114 799 1172 838; x_wconf 87' lang='lat' dir='ltr'>nec</span> <span class='ocrx_word' id='word_1_50' title='bbox 1189 799 1317 838; x_wconf 84' lang='lat' dir='ltr'>conscu-</span> 
     </span>
     <span class='ocr_line' id='line_1_7' title="bbox 244 861 1316 950; baseline 0 -22"><span class='ocrx_word' id='word_1_51' title='bbox 244 861 325 932; x_wconf 77' lang='lat' dir='ltr'>.tiurlt</span> <span class='ocrx_word' id='word_1_52' title='bbox 345 877 392 948; x_wconf 78' lang='lat' dir='ltr'>pia</span> <span class='ocrx_word' id='word_1_53' title='bbox 413 875 505 931; x_wconf 86' lang='lat' dir='ltr'>corda</span> <span class='ocrx_word' id='word_1_54' title='bbox 526 876 634 950; x_wconf 86' lang='lat' dir='ltr'>privari</span> <span class='ocrx_word' id='word_1_55' title='bbox 651 875 739 930; x_wconf 86' lang='lat' dir='ltr'>altera</span> <span class='ocrx_word' id='word_1_56' title='bbox 758 875 875 948; x_wconf 85' lang='lat' dir='ltr'>specie:</span> <span class='ocrx_word' id='word_1_57' title='bbox 903 877 953 947; x_wconf 86' lang='lat' dir='ltr'>qui</span> <span class='ocrx_word' id='word_1_58' title='bbox 979 889 1053 930; x_wconf 86' lang='lat' dir='ltr'>varo</span> <span class='ocrx_word' id='word_1_59' title='bbox 1071 875 1267 930; x_wconf 84' lang='lat' dir='ltr'>consentiunt</span> <span class='ocrx_word' id='word_1_60' title='bbox 1290 881 1316 928; x_wconf 86' lang='lat' dir='ltr'>ct</span> 
     </span>
     <span class='ocr_line' id='line_1_8' title="bbox 216 965 1316 1042; baseline -0.002 -20"><span class='ocrx_word' id='word_1_61' title='bbox 216 998 220 1005; x_wconf 86' lang='lat'><em>.</em></span> <span class='ocrx_word' id='word_1_62' title='bbox 251 966 398 1042; x_wconf 89' lang='lat' dir='ltr'>probant,</span> <span class='ocrx_word' id='word_1_63' title='bbox 415 981 468 1022; x_wconf 88' lang='lat' dir='ltr'>eoa</span> <span class='ocrx_word' id='word_1_64' title='bbox 484 967 629 1038; x_wconf 83' lang='lat' dir='ltr'>papistns,</span> <span class='ocrx_word' id='word_1_65' title='bbox 645 983 706 1022; x_wconf 91' lang='lat' dir='ltr'>nou</span> <span class='ocrx_word' id='word_1_66' title='bbox 726 965 911 1022; x_wconf 73' lang='lat' dir='ltr'>Christianos</span> <span class='ocrx_word' id='word_1_67' title='bbox 930 981 996 1021; x_wconf 87' lang='lat' dir='ltr'>csse</span> <span class='ocrx_word' id='word_1_68' title='bbox 1006 1003 1018 1034; x_wconf 96' lang='lat'>,</span> <span class='ocrx_word' id='word_1_69' title='bbox 1039 976 1069 1022; x_wconf 85' lang='lat' dir='ltr'>et</span> <span class='ocrx_word' id='word_1_70' title='bbox 1083 981 1213 1038; x_wconf 85' lang='lat' dir='ltr'>peccare</span> <span class='ocrx_word' id='word_1_71' title='bbox 1223 1005 1235 1034; x_wconf 93' lang='lat'>,</span> <span class='ocrx_word' id='word_1_72' title='bbox 1253 965 1316 1038; x_wconf 83' lang='lat' dir='ltr'>quis</span> 
     </span>
     <span class='ocr_line' id='line_1_9' title="bbox 251 1058 395 1134; baseline -0.014 -18"><span class='ocrx_word' id='word_1_73' title='bbox 251 1058 395 1134; x_wconf 79' lang='lat' dir='ltr'>negabit?</span> 
     </span>
     <span class='ocr_line' id='line_1_10' title="bbox 318 1147 1316 1219; baseline -0.004 -15"><span class='ocrx_word' id='word_1_74' title='bbox 318 1149 394 1204; x_wconf 85' lang='lat' dir='ltr'>Cum</span> <span class='ocrx_word' id='word_1_75' title='bbox 419 1165 490 1218; x_wconf 77' lang='lat' dir='ltr'>ergo</span> <span class='ocrx_word' id='word_1_76' title='bbox 512 1166 574 1206; x_wconf 85' lang='lat' dir='ltr'>noo</span> <span class='ocrx_word' id='word_1_77' title='bbox 590 1149 689 1219; x_wconf 79' lang='lat' dir='ltr'>exigat</span> <span class='ocrx_word' id='word_1_78' title='bbox 703 1148 897 1215; x_wconf 85' lang='lat' dir='ltr'>necessario,</span> <span class='ocrx_word' id='word_1_79' title='bbox 924 1157 955 1202; x_wconf 84' lang='lat' dir='ltr'>et</span> <span class='ocrx_word' id='word_1_80' title='bbox 969 1147 1022 1209; x_wconf 86' lang='lat' dir='ltr'>hic</span> <span class='ocrx_word' id='word_1_81' title='bbox 1038 1155 1139 1216; x_wconf 80' lang='lat' dir='ltr'>urgeat</span> <span class='ocrx_word' id='word_1_82' title='bbox 1156 1155 1316 1216; x_wconf 81' lang='lat' dir='ltr'>tyrannus:</span> 
     </span>
     <span class='ocr_line' id='line_1_11' title="bbox 219 1232 1318 1312; baseline -0.002 -18"><span class='ocrx_word' id='word_1_83' title='bbox 219 1269 223 1281; x_wconf 50' lang='grc' dir='ltr'><strong>ν</strong></span> <span class='ocrx_word' id='word_1_84' title='bbox 251 1257 314 1294; x_wconf 86' lang='lat' dir='ltr'>non</span> <span class='ocrx_word' id='word_1_85' title='bbox 339 1240 445 1308; x_wconf 77' lang='lat' dir='ltr'>video,</span> <span class='ocrx_word' id='word_1_86' title='bbox 471 1239 624 1312; x_wconf 87' lang='lat' dir='ltr'>quomodo</span> <span class='ocrx_word' id='word_1_87' title='bbox 649 1247 777 1310; x_wconf 85' lang='lat' dir='ltr'>peccent</span> <span class='ocrx_word' id='word_1_88' title='bbox 799 1253 890 1292; x_wconf 85' lang='lat' dir='ltr'>unam</span> <span class='ocrx_word' id='word_1_89' title='bbox 914 1232 1103 1307; x_wconf 74' lang='lat' dir='ltr'>accipientes.</span> <span class='ocrx_word' id='word_1_90' title='bbox 1136 1236 1218 1310; x_wconf 73' lang='lat' dir='ltr'>Quis</span> <span class='ocrx_word' id='word_1_91' title='bbox 1240 1238 1318 1297; x_wconf 85' lang='lat' dir='ltr'>enim</span> 
     </span>
     <span class='ocr_line' id='line_1_12' title="bbox 186 1325 1318 1400; baseline -0.004 -17"><span class='ocrx_word' id='word_1_92' title='bbox 186 1391 188 1398; x_wconf 20' lang='lat' dir='ltr'><strong><em>J</em></strong></span> <span class='ocrx_word' id='word_1_93' title='bbox 232 1365 234 1370; x_wconf 82' lang='lat'><em>·</em></span> <span class='ocrx_word' id='word_1_94' title='bbox 251 1328 383 1400; x_wconf 89' lang='lat' dir='ltr'>pervim</span> <span class='ocrx_word' id='word_1_95' title='bbox 400 1329 510 1384; x_wconf 82' lang='lat' dir='ltr'>auferat</span> <span class='ocrx_word' id='word_1_96' title='bbox 526 1330 618 1384; x_wconf 89' lang='lat' dir='ltr'>invito</span> <span class='ocrx_word' id='word_1_97' title='bbox 636 1335 783 1400; x_wconf 66' lang='lat' dir='ltr'>tyranno?</span> <span class='ocrx_word' id='word_1_98' title='bbox 813 1327 918 1398; x_wconf 83' lang='lat' dir='ltr'>ltaque</span> <span class='ocrx_word' id='word_1_99' title='bbox 936 1326 1035 1380; x_wconf 82' lang='lat' dir='ltr'>adhuc</span> <span class='ocrx_word' id='word_1_100' title='bbox 1052 1325 1126 1382; x_wconf 86' lang='lat' dir='ltr'>nihil</span> <span class='ocrx_word' id='word_1_101' title='bbox 1143 1333 1248 1395; x_wconf 81' lang='lat' dir='ltr'>urget,</span> <span class='ocrx_word' id='word_1_102' title='bbox 1265 1326 1318 1381; x_wconf 82' lang='lat' dir='ltr'>uisi</span> 
     </span>
     <span class='ocr_line' id='line_1_13' title="bbox 250 1403 1318 1490; baseline -0.002 -16"><span class='ocrx_word' id='word_1_103' title='bbox 250 1419 343 1485; x_wconf 88' lang='lat' dir='ltr'>ratio,</span> <span class='ocrx_word' id='word_1_104' title='bbox 366 1420 416 1490; x_wconf 91' lang='lat' dir='ltr'>qui</span> <span class='ocrx_word' id='word_1_105' title='bbox 441 1419 529 1476; x_wconf 88' lang='lat' dir='ltr'>dictat</span> <span class='ocrx_word' id='word_1_106' title='bbox 539 1458 549 1487; x_wconf 92' lang='lat'>,</span> <span class='ocrx_word' id='word_1_107' title='bbox 566 1417 732 1482; x_wconf 87' lang='lat' dir='ltr'>institutum</span> <span class='ocrx_word' id='word_1_108' title='bbox 751 1415 862 1471; x_wconf 84' lang='lat' dir='ltr'>Christi</span> <span class='ocrx_word' id='word_1_109' title='bbox 879 1403 940 1470; x_wconf 74' lang='lat' dir='ltr'>laon</span> <span class='ocrx_word' id='word_1_110' title='bbox 957 1415 1067 1474; x_wconf 83' lang='lat' dir='ltr'>tenerit</span> <span class='ocrx_word' id='word_1_111' title='bbox 1093 1416 1147 1470; x_wconf 87' lang='lat' dir='ltr'>sed</span> <span class='ocrx_word' id='word_1_112' title='bbox 1165 1415 1318 1486; x_wconf 75' lang='lat' dir='ltr'>Scriptura</span> 
     </span>
     <span class='ocr_line' id='line_1_14' title="bbox 250 1505 1317 1578; baseline -0.003 -14"><span class='ocrx_word' id='word_1_113' title='bbox 250 1507 324 1564; x_wconf 88' lang='lat' dir='ltr'>nibil</span> <span class='ocrx_word' id='word_1_114' title='bbox 348 1507 466 1574; x_wconf 88' lang='lat' dir='ltr'>delinit,</span> <span class='ocrx_word' id='word_1_115' title='bbox 492 1507 555 1566; x_wconf 86' lang='lat' dir='ltr'>sinc</span> <span class='ocrx_word' id='word_1_116' title='bbox 580 1514 821 1578; x_wconf 72' lang='lat' dir='ltr'>quapeceatum</span> <span class='ocrx_word' id='word_1_117' title='bbox 845 1505 1035 1576; x_wconf 86' lang='lat' dir='ltr'>pronuntiare</span> <span class='ocrx_word' id='word_1_118' title='bbox 1061 1521 1123 1560; x_wconf 87' lang='lat' dir='ltr'>non</span> <span class='ocrx_word' id='word_1_119' title='bbox 1141 1521 1317 1576; x_wconf 83' lang='lat' dir='ltr'>possumus.</span> 
     </span>
     <span class='ocr_line' id='line_1_15' title="bbox 251 1595 1318 1679; baseline -0.004 -25"><span class='ocrx_word' id='word_1_120' title='bbox 251 1597 425 1654; x_wconf 86' lang='lat' dir='ltr'>Institutum</span> <span class='ocrx_word' id='word_1_121' title='bbox 444 1595 555 1652; x_wconf 82' lang='lat' dir='ltr'>Christi</span> <span class='ocrx_word' id='word_1_122' title='bbox 579 1605 643 1679; x_wconf 26' lang='lat' dir='ltr'>esta,</span> <span class='ocrx_word' id='word_1_123' title='bbox 666 1595 719 1650; x_wconf 84' lang='lat' dir='ltr'>sed</span> <span class='ocrx_word' id='word_1_124' title='bbox 738 1595 863 1651; x_wconf 83' lang='lat' dir='ltr'>liberum</span> <span class='ocrx_word' id='word_1_125' title='bbox 880 1597 1081 1668; x_wconf 81' lang='lat' dir='ltr'>permissum,</span> <span class='ocrx_word' id='word_1_126' title='bbox 1110 1611 1168 1650; x_wconf 88' lang='lat' dir='ltr'>nec</span> <span class='ocrx_word' id='word_1_127' title='bbox 1185 1596 1318 1650; x_wconf 85' lang='lat' dir='ltr'>incarce.</span> 
     </span>
     <span class='ocr_line' id='line_1_16' title="bbox 250 1687 845 1758; baseline -0.012 -12"><span class='ocrx_word' id='word_1_128' title='bbox 250 1688 308 1746; x_wconf 84' lang='lat' dir='ltr'>rari</span> <span class='ocrx_word' id='word_1_129' title='bbox 325 1689 353 1744; x_wconf 85' lang='lat' dir='ltr'>in</span> <span class='ocrx_word' id='word_1_130' title='bbox 373 1697 468 1742; x_wconf 91' lang='lat' dir='ltr'>totum</span> <span class='ocrx_word' id='word_1_131' title='bbox 485 1687 580 1742; x_wconf 88' lang='lat' dir='ltr'>autin</span> <span class='ocrx_word' id='word_1_132' title='bbox 596 1697 710 1758; x_wconf 86' lang='lat' dir='ltr'>partem</span> <span class='ocrx_word' id='word_1_133' title='bbox 728 1694 845 1757; x_wconf 86' lang='lat' dir='ltr'>potens.</span> 
     </span>
     <span class='ocr_line' id='line_1_17' title="bbox 167 1761 1317 1852; baseline -0.002 -20"><span class='ocrx_word' id='word_1_134' title='bbox 167 1761 169 1777; x_wconf 68' lang='grc'><em>’</em></span> <span class='ocrx_word' id='word_1_135' title='bbox 303 1777 399 1852; x_wconf 35' lang='lat' dir='ltr'>,Quid</span> <span class='ocrx_word' id='word_1_136' title='bbox 418 1777 496 1832; x_wconf 86' lang='lat' dir='ltr'>enim</span> <span class='ocrx_word' id='word_1_137' title='bbox 510 1775 577 1844; x_wconf 82' lang='lat' dir='ltr'>fiat,</span> <span class='ocrx_word' id='word_1_138' title='bbox 594 1776 619 1830; x_wconf 83' lang='lat' dir='ltr'>si</span> <span class='ocrx_word' id='word_1_139' title='bbox 633 1776 782 1844; x_wconf 79' lang='lat' dir='ltr'>contingat</span> <span class='ocrx_word' id='word_1_140' title='bbox 798 1775 847 1842; x_wconf 91' lang='lat' dir='ltr'>id,</span> <span class='ocrx_word' id='word_1_141' title='bbox 866 1774 949 1848; x_wconf 86' lang='lat' dir='ltr'>quod</span> <span class='ocrx_word' id='word_1_142' title='bbox 961 1775 1086 1832; x_wconf 88' lang='lat' dir='ltr'>Donato</span> <span class='ocrx_word' id='word_1_143' title='bbox 1104 1775 1228 1848; x_wconf 79' lang='lat' dir='ltr'>martyri</span> <span class='ocrx_word' id='word_1_144' title='bbox 1246 1791 1317 1830; x_wconf 90' lang='lat' dir='ltr'>con.</span> 
     </span>
     <span class='ocr_line' id='line_1_18' title="bbox 249 1853 1316 1938; baseline -0.002 -16"><span class='ocrx_word' id='word_1_145' title='bbox 249 1868 331 1938; x_wconf 79' lang='lat' dir='ltr'>tigit,</span> <span class='ocrx_word' id='word_1_146' title='bbox 357 1879 391 1924; x_wconf 90' lang='lat' dir='ltr'>ut</span> <span class='ocrx_word' id='word_1_147' title='bbox 408 1867 499 1923; x_wconf 78' lang='lat' dir='ltr'>fracto</span> <span class='ocrx_word' id='word_1_148' title='bbox 517 1876 566 1920; x_wconf 87' lang='lat' dir='ltr'>aut</span> <span class='ocrx_word' id='word_1_149' title='bbox 582 1866 677 1922; x_wconf 80' lang='lat' dir='ltr'>effuso</span> <span class='ocrx_word' id='word_1_150' title='bbox 696 1853 788 1920; x_wconf 84' lang='lat' dir='ltr'>calice¹</span> <span class='ocrx_word' id='word_1_151' title='bbox 805 1863 892 1936; x_wconf 84' lang='lat' dir='ltr'>aliqui</span> <span class='ocrx_word' id='word_1_152' title='bbox 910 1881 971 1920; x_wconf 90' lang='grc' dir='ltr'>ιιοιι</span> <span class='ocrx_word' id='word_1_153' title='bbox 988 1865 1177 1936; x_wconf 82' lang='lat' dir='ltr'>participent,</span> <span class='ocrx_word' id='word_1_154' title='bbox 1200 1867 1316 1920; x_wconf 87' lang='lat' dir='ltr'>nonsit</span> 
     </span>
     <span class='ocr_line' id='line_1_19' title="bbox 219 1953 1315 2023; baseline -0.003 -11"><span class='ocrx_word' id='word_1_155' title='bbox 219 1977 222 1987; x_wconf 58' lang='lat'><strong><em>¹</em></strong></span> <span class='ocrx_word' id='word_1_156' title='bbox 243 1959 286 2018; x_wconf 72' lang='lat' dir='ltr'>¹ad</span> <span class='ocrx_word' id='word_1_157' title='bbox 312 1964 443 2012; x_wconf 77' lang='lat' dir='ltr'>mauum‘</span> <span class='ocrx_word' id='word_1_158' title='bbox 457 1957 532 2014; x_wconf 90' lang='lat' dir='ltr'>aliud</span> <span class='ocrx_word' id='word_1_159' title='bbox 549 1957 670 2023; x_wconf 88' lang='lat' dir='ltr'>vinum,</span> <span class='ocrx_word' id='word_1_160' title='bbox 695 1953 826 2010; x_wconf 88' lang='lat' dir='ltr'>etmulti</span> <span class='ocrx_word' id='word_1_161' title='bbox 843 1955 954 2010; x_wconf 79' lang='lat' dir='ltr'>similes</span> <span class='ocrx_word' id='word_1_162' title='bbox 972 1963 1083 2013; x_wconf 82' lang='lat' dir='ltr'>casus?</span> <span class='ocrx_word' id='word_1_163' title='bbox 1122 1954 1157 2008; x_wconf 91' lang='lat' dir='ltr'>ln</span> <span class='ocrx_word' id='word_1_164' title='bbox 1181 1971 1315 2023; x_wconf 79' lang='lat' dir='ltr'>stamma,</span> 
     </span>
     <span class='ocr_line' id='line_1_20' title="bbox 249 2045 1317 2122; baseline -0.001 -19"><span class='ocrx_word' id='word_1_165' title='bbox 249 2049 318 2122; x_wconf 89' lang='lat' dir='ltr'>quia</span> <span class='ocrx_word' id='word_1_166' title='bbox 336 2048 485 2120; x_wconf 85' lang='lat' dir='ltr'>Scriptura</span> <span class='ocrx_word' id='word_1_167' title='bbox 507 2055 679 2117; x_wconf 56' lang='lat' dir='ltr'>consurget</span> <span class='ocrx_word' id='word_1_168' title='bbox 702 2045 752 2100; x_wconf 90' lang='lat' dir='ltr'>hic</span> <span class='ocrx_word' id='word_1_169' title='bbox 778 2055 936 2118; x_wconf 85' lang='lat' dir='ltr'>paccatum</span> <span class='ocrx_word' id='word_1_170' title='bbox 960 2060 1047 2114; x_wconf 80' lang='lat' dir='ltr'>esse,</span> <span class='ocrx_word' id='word_1_171' title='bbox 1072 2054 1229 2118; x_wconf 86' lang='lat' dir='ltr'>peccatum</span> <span class='ocrx_word' id='word_1_172' title='bbox 1255 2064 1317 2102; x_wconf 89' lang='lat' dir='ltr'>non</span> 
     </span>
     <span class='ocr_line' id='line_1_21' title="bbox 250 2149 691 2197; baseline -0.002 -1"><span class='ocrx_word' id='word_1_173' title='bbox 250 2155 362 2197; x_wconf 83' lang='lat' dir='ltr'>assero.</span> <span class='ocrx_word' id='word_1_174' title='bbox 689 2149 691 2155; x_wconf 82' lang='grc'><strong>“</strong></span> 
     </span>
    </p>
   </div>
   <div class='ocr_carea' id='block_1_3' title="bbox 315 2223 1318 2299">
    <p class='ocr_par' dir='ltr' id='par_1_3' title="bbox 315 2223 1318 2299">
     <span class='ocr_line' id='line_1_22' title="bbox 315 2223 1318 2299; baseline -0.002 -17"><span class='ocrx_word' id='word_1_175' title='bbox 315 2229 407 2284; x_wconf 81' lang='lat' dir='ltr'>Valde</span> <span class='ocrx_word' id='word_1_176' title='bbox 425 2236 524 2284; x_wconf 84' lang='lat' dir='ltr'>autem</span> <span class='ocrx_word' id='word_1_177' title='bbox 541 2229 652 2299; x_wconf 85' lang='lat' dir='ltr'>placet,</span> <span class='ocrx_word' id='word_1_178' title='bbox 675 2237 710 2284; x_wconf 92' lang='lat' dir='ltr'>ut</span> <span class='ocrx_word' id='word_1_179' title='bbox 726 2227 891 2282; x_wconf 87' lang='lat' dir='ltr'>institutum</span> <span class='ocrx_word' id='word_1_180' title='bbox 910 2227 1020 2284; x_wconf 83' lang='lat' dir='ltr'>Christi</span> <span class='ocrx_word' id='word_1_181' title='bbox 1035 2223 1199 2298; x_wconf 80' lang='lat' dir='ltr'>integratis.</span> <span class='ocrx_word' id='word_1_182' title='bbox 1236 2225 1318 2284; x_wconf 89' lang='lat' dir='ltr'>Nam</span> 
     </span>
    </p>
   </div>
   <div class='ocr_carea' id='block_1_4' title="bbox 250 2315 1318 2478">
    <p class='ocr_par' dir='ltr' id='par_1_4' title="bbox 250 2315 1318 2478">
     <span class='ocr_line' id='line_1_23' title="bbox 250 2315 1318 2390; baseline -0.005 -18"><span class='ocrx_word' id='word_1_183' title='bbox 250 2317 407 2384; x_wconf 87' lang='lat' dir='ltr'>hocerat,</span> <span class='ocrx_word' id='word_1_184' title='bbox 425 2318 507 2390; x_wconf 89' lang='lat' dir='ltr'>quod</span> <span class='ocrx_word' id='word_1_185' title='bbox 525 2327 589 2372; x_wconf 88' lang='lat' dir='ltr'>ante</span> <span class='ocrx_word' id='word_1_186' title='bbox 607 2316 706 2372; x_wconf 89' lang='lat' dir='ltr'>omnia</span> <span class='ocrx_word' id='word_1_187' title='bbox 723 2315 886 2386; x_wconf 79' lang='lat' dir='ltr'>cogitabam</span> <span class='ocrx_word' id='word_1_188' title='bbox 903 2317 1074 2386; x_wconf 88' lang='lat' dir='ltr'>solicitare,</span> <span class='ocrx_word' id='word_1_189' title='bbox 1099 2317 1124 2371; x_wconf 89' lang='lat' dir='ltr'>si</span> <span class='ocrx_word' id='word_1_190' title='bbox 1142 2317 1253 2372; x_wconf 85' lang='lat' dir='ltr'>advos</span> <span class='ocrx_word' id='word_1_191' title='bbox 1271 2333 1318 2370; x_wconf 87' lang='lat' dir='ltr'>re.</span> 
     </span>
     <span class='ocr_line' id='line_1_24' title="bbox 251 2405 1317 2478; baseline -0.001 -16"><span class='ocrx_word' id='word_1_192' title='bbox 251 2417 358 2462; x_wconf 82' lang='lat' dir='ltr'>versus</span> <span class='ocrx_word' id='word_1_193' title='bbox 376 2407 508 2464; x_wconf 84' lang='lat' dir='ltr'>fuissem.</span> <span class='ocrx_word' id='word_1_194' title='bbox 544 2406 612 2464; x_wconf 89' lang='lat' dir='ltr'>Nos</span> <span class='ocrx_word' id='word_1_195' title='bbox 637 2406 715 2461; x_wconf 81' lang='lat' dir='ltr'>enim</span> <span class='ocrx_word' id='word_1_196' title='bbox 736 2406 800 2477; x_wconf 86' lang='lat' dir='ltr'>jam</span> <span class='ocrx_word' id='word_1_197' title='bbox 817 2405 965 2462; x_wconf 85' lang='lat' dir='ltr'>babemus</span> <span class='ocrx_word' id='word_1_198' title='bbox 983 2405 1143 2462; x_wconf 87' lang='lat' dir='ltr'>scientiam&#39;</span> <span class='ocrx_word' id='word_1_199' title='bbox 1154 2406 1317 2478; x_wconf 82' lang='lat' dir='ltr'>tyrannidis</span> 
     </span>
    </p>
   </div>
   <div class='ocr_carea' id='block_1_5' title="bbox 142 2497 1318 2573">
    <p class='ocr_par' dir='ltr' id='par_1_5' title="bbox 142 2497 1318 2573">
     <span class='ocr_line' id='line_1_25' title="bbox 142 2497 1318 2573; baseline 0 -21"><span class='ocrx_word' id='word_1_200' title='bbox 142 2521 149 2532; x_wconf 62' lang='lat'><em>⁴</em></span> <span class='ocrx_word' id='word_1_201' title='bbox 250 2497 359 2568; x_wconf 76' lang='lat' dir='ltr'>hujm,</span> <span class='ocrx_word' id='word_1_202' title='bbox 377 2507 407 2552; x_wconf 87' lang='lat' dir='ltr'>et</span> <span class='ocrx_word' id='word_1_203' title='bbox 424 2512 584 2573; x_wconf 83' lang='lat' dir='ltr'>possumus</span> <span class='ocrx_word' id='word_1_204' title='bbox 602 2497 629 2552; x_wconf 88' lang='lat' dir='ltr'>ei</span> <span class='ocrx_word' id='word_1_205' title='bbox 647 2498 800 2566; x_wconf 85' lang='lat' dir='ltr'>resistere,</span> <span class='ocrx_word' id='word_1_206' title='bbox 822 2513 860 2558; x_wconf 83' lang='lat' dir='ltr'>ne</span> <span class='ocrx_word' id='word_1_207' title='bbox 878 2509 1022 2568; x_wconf 78' lang='lat' dir='ltr'>cogamur</span> <span class='ocrx_word' id='word_1_208' title='bbox 1045 2498 1167 2553; x_wconf 89' lang='lat' dir='ltr'>alteram</span> <span class='ocrx_word' id='word_1_209' title='bbox 1184 2497 1318 2570; x_wconf 82' lang='lat' dir='ltr'>speciem</span> 
     </span>
    </p>
   </div>
   <div class='ocr_carea' id='block_1_6' title="bbox 206 2589 1320 3290">
    <p class='ocr_par' dir='ltr' id='par_1_6' title="bbox 251 2589 529 2663">
     <span class='ocr_line' id='line_1_26' title="bbox 251 2589 529 2663; baseline -0.011 -18"><span class='ocrx_word' id='word_1_210' title='bbox 251 2589 388 2663; x_wconf 82' lang='lat' dir='ltr'>accipere</span> <span class='ocrx_word' id='word_1_211' title='bbox 404 2599 529 2644; x_wconf 84' lang='lat' dir='ltr'>tantum.</span> 
     </span>
    </p>

    <p class='ocr_par' dir='ltr' id='par_1_7' title="bbox 206 2677 1320 3290">
     <span class='ocr_line' id='line_1_27' title="bbox 242 2677 1320 2756; baseline 0 -24"><span class='ocrx_word' id='word_1_212' title='bbox 242 2744 245 2756; x_wconf 22' lang='grc' dir='ltr'><strong><em>ι</em></strong></span> <span class='ocrx_word' id='word_1_213' title='bbox 317 2679 375 2734; x_wconf 88' lang='lat' dir='ltr'>Sed</span> <span class='ocrx_word' id='word_1_214' title='bbox 398 2689 427 2734; x_wconf 87' lang='lat' dir='ltr'>et</span> <span class='ocrx_word' id='word_1_215' title='bbox 452 2695 508 2748; x_wconf 80' lang='lat' dir='ltr'>ego</span> <span class='ocrx_word' id='word_1_216' title='bbox 525 2679 650 2749; x_wconf 87' lang='lat' dir='ltr'>amplius</span> <span class='ocrx_word' id='word_1_217' title='bbox 667 2696 728 2733; x_wconf 89' lang='lat' dir='ltr'>non</span> <span class='ocrx_word' id='word_1_218' title='bbox 746 2677 850 2732; x_wconf 78' lang='lat' dir='ltr'>faciam</span> <span class='ocrx_word' id='word_1_219' title='bbox 867 2677 988 2736; x_wconf 84' lang='lat' dir='ltr'>missam</span> <span class='ocrx_word' id='word_1_220' title='bbox 1006 2679 1149 2748; x_wconf 84' lang='lat' dir='ltr'>privatam</span> <span class='ocrx_word' id='word_1_221' title='bbox 1171 2678 1206 2734; x_wconf 89' lang='lat' dir='ltr'>in</span> <span class='ocrx_word' id='word_1_222' title='bbox 1223 2687 1320 2734; x_wconf 85' lang='lat' dir='ltr'>aeter.</span> 
     </span>
     <span class='ocr_line' id='line_1_28' title="bbox 250 2751 1318 2856; baseline -0.003 -31"><span class='ocrx_word' id='word_1_223' title='bbox 250 2785 334 2828; x_wconf 86' lang='lat' dir='ltr'>nutu.</span> <span class='ocrx_word' id='word_1_224' title='bbox 368 2769 507 2826; x_wconf 85' lang='lat' dir='ltr'>Obsecro</span> <span class='ocrx_word' id='word_1_225' title='bbox 520 2784 641 2824; x_wconf 86' lang='lat' dir='ltr'>oremus</span> <span class='ocrx_word' id='word_1_226' title='bbox 652 2769 831 2836; x_wconf 83' lang='lat' dir='ltr'>Dominum,</span> <span class='ocrx_word' id='word_1_227' title='bbox 851 2780 882 2822; x_wconf 91' lang='lat' dir='ltr'>ut</span> <span class='ocrx_word' id='word_1_228' title='bbox 899 2769 1017 2824; x_wconf 82' lang='lat' dir='ltr'>festinet</span> <span class='ocrx_word' id='word_1_229' title='bbox 1034 2769 1120 2824; x_wconf 85' lang='lat' dir='ltr'>nobis</span> <span class='ocrx_word' id='word_1_230' title='bbox 1139 2751 1318 2856; x_wconf 71' lang='lat' dir='ltr'>simpliorem</span> 
     </span>
     <span class='ocr_line' id='line_1_29' title="bbox 251 2837 1320 2932; baseline 0.002 -18"><span class='ocrx_word' id='word_1_231' title='bbox 251 2861 387 2932; x_wconf 88' lang='lat' dir='ltr'>spiritum</span> <span class='ocrx_word' id='word_1_232' title='bbox 408 2875 498 2915; x_wconf 85' lang='lat' dir='ltr'>suum</span> <span class='ocrx_word' id='word_1_233' title='bbox 524 2860 604 2917; x_wconf 87' lang='lat' dir='ltr'>dare.</span> <span class='ocrx_word' id='word_1_234' title='bbox 638 2859 779 2930; x_wconf 85' lang='lat' dir='ltr'>Suspicor</span> <span class='ocrx_word' id='word_1_235' title='bbox 796 2859 876 2916; x_wconf 91' lang='lat' dir='ltr'>euim</span> <span class='ocrx_word' id='word_1_236' title='bbox 890 2837 957 2914; x_wconf 80' lang='lat' dir='ltr'>lore</span> <span class='ocrx_word' id='word_1_237' title='bbox 967 2899 976 2926; x_wconf 97' lang='lat'>,</span> <span class='ocrx_word' id='word_1_238' title='bbox 1007 2871 1039 2914; x_wconf 87' lang='lat' dir='ltr'>ut</span> <span class='ocrx_word' id='word_1_239' title='bbox 1056 2860 1116 2922; x_wconf 83' lang='lat' dir='ltr'>cito¹</span> <span class='ocrx_word' id='word_1_240' title='bbox 1132 2860 1233 2916; x_wconf 81' lang='lat' dir='ltr'>visitet</span> <span class='ocrx_word' id='word_1_241' title='bbox 1250 2861 1320 2922; x_wconf 89' lang='lat' dir='ltr'>Do.</span> 
     </span>
     <span class='ocr_line' id='line_1_30' title="bbox 246 2919 1320 3022; baseline -0.001 -16"><span class='ocrx_word' id='word_1_242' title='bbox 246 2951 349 3006; x_wconf 83' lang='lat' dir='ltr'>minus</span> <span class='ocrx_word' id='word_1_243' title='bbox 368 2919 578 3019; x_wconf 71' lang='lat' dir='ltr'>Germaniam,</span> <span class='ocrx_word' id='word_1_244' title='bbox 595 2950 671 3005; x_wconf 90' lang='lat' dir='ltr'>sieut</span> <span class='ocrx_word' id='word_1_245' title='bbox 687 2959 820 3005; x_wconf 88' lang='lat' dir='ltr'>meretur</span> <span class='ocrx_word' id='word_1_246' title='bbox 837 2951 899 3020; x_wconf 89' lang='lat' dir='ltr'>ejus</span> <span class='ocrx_word' id='word_1_247' title='bbox 915 2950 1120 3019; x_wconf 81' lang='lat' dir='ltr'>incredulitas,</span> <span class='ocrx_word' id='word_1_248' title='bbox 1138 2949 1273 3022; x_wconf 84' lang='lat' dir='ltr'>impietas</span> <span class='ocrx_word' id='word_1_249' title='bbox 1289 2961 1320 3005; x_wconf 91' lang='lat' dir='ltr'>ct</span> 
     </span>
     <span class='ocr_line' id='line_1_31' title="bbox 254 3035 1320 3114; baseline 0.001 -19"><span class='ocrx_word' id='word_1_250' title='bbox 254 3042 356 3095; x_wconf 84' lang='lat' dir='ltr'>odium</span> <span class='ocrx_word' id='word_1_251' title='bbox 375 3039 539 3110; x_wconf 76' lang='lat' dir='ltr'>Evangelii.</span> <span class='ocrx_word' id='word_1_252' title='bbox 574 3039 706 3094; x_wconf 77' lang='lat' dir='ltr'>Athaco</span> <span class='ocrx_word' id='word_1_253' title='bbox 724 3041 805 3112; x_wconf 84' lang='lat' dir='ltr'>plaga</span> <span class='ocrx_word' id='word_1_254' title='bbox 824 3048 885 3094; x_wconf 80' lang='lat' dir='ltr'>urm</span> <span class='ocrx_word' id='word_1_255' title='bbox 903 3039 991 3097; x_wconf 85' lang='lat' dir='ltr'>nobis</span> <span class='ocrx_word' id='word_1_256' title='bbox 1009 3035 1218 3110; x_wconf 80' lang='lat' dir='ltr'>imputabitur,</span> <span class='ocrx_word' id='word_1_257' title='bbox 1235 3043 1320 3114; x_wconf 86' lang='lat' dir='ltr'>quotl</span> 
     </span>
     <span class='ocr_line' id='line_1_32' title="bbox 252 3117 1319 3202; baseline -0.004 -16"><span class='ocrx_word' id='word_1_258' title='bbox 252 3129 392 3186; x_wconf 83' lang='lat' dir='ltr'>haeretici</span> <span class='ocrx_word' id='word_1_259' title='bbox 410 3117 512 3186; x_wconf 85' lang='lat' dir='ltr'>Deum</span> <span class='ocrx_word' id='word_1_260' title='bbox 533 3117 817 3202; x_wconf 79' lang='lat' dir='ltr'>provocaverimus,</span> <span class='ocrx_word' id='word_1_261' title='bbox 841 3129 1013 3202; x_wconf 85' lang='lat' dir='ltr'>erimusque</span> <span class='ocrx_word' id='word_1_262' title='bbox 1040 3129 1237 3201; x_wconf 85' lang='lat' dir='ltr'>opprobrium</span> <span class='ocrx_word' id='word_1_263' title='bbox 1261 3131 1319 3186; x_wconf 89' lang='lat' dir='ltr'>ho.</span> 
     </span>
     <span class='ocr_line' id='line_1_33' title="bbox 206 3217 1318 3290; baseline -0.002 -14"><span class='ocrx_word' id='word_1_264' title='bbox 206 3277 211 3288; x_wconf 56' lang='grc'>,</span> <span class='ocrx_word' id='word_1_265' title='bbox 251 3221 367 3276; x_wconf 86' lang='lat' dir='ltr'>minum</span> <span class='ocrx_word' id='word_1_266' title='bbox 385 3231 413 3274; x_wconf 85' lang='lat' dir='ltr'>et</span> <span class='ocrx_word' id='word_1_267' title='bbox 429 3220 556 3290; x_wconf 81' lang='lat' dir='ltr'>abjectio</span> <span class='ocrx_word' id='word_1_268' title='bbox 574 3219 684 3290; x_wconf 86' lang='lat' dir='ltr'>plebis:</span> <span class='ocrx_word' id='word_1_269' title='bbox 714 3219 752 3272; x_wconf 89' lang='lat' dir='ltr'>illi</span> <span class='ocrx_word' id='word_1_270' title='bbox 770 3235 842 3274; x_wconf 88' lang='lat' dir='ltr'>vero</span> <span class='ocrx_word' id='word_1_271' title='bbox 867 3217 1089 3290; x_wconf 86' lang='lat' dir='ltr'>apprehendent</span> <span class='ocrx_word' id='word_1_272' title='bbox 1105 3221 1318 3276; x_wconf 83' lang='lat' dir='ltr'>excusationes</span> 
     </span>
    </p>
   </div>
   <div class='ocr_carea' id='block_1_7' title="bbox 150 3308 1319 3384">
    <p class='ocr_par' dir='ltr' id='par_1_8' title="bbox 150 3308 1319 3384">
     <span class='ocr_line' id='line_1_34' title="bbox 150 3308 1319 3384; baseline -0.003 -17"><span class='ocrx_word' id='word_1_273' title='bbox 150 3335 155 3341; x_wconf 91' lang='lat'><strong>·</strong></span> <span class='ocrx_word' id='word_1_274' title='bbox 253 3312 283 3369; x_wconf 91' lang='lat' dir='ltr'>in</span> <span class='ocrx_word' id='word_1_275' title='bbox 301 3311 429 3384; x_wconf 83' lang='lat' dir='ltr'>peccatis</span> <span class='ocrx_word' id='word_1_276' title='bbox 447 3311 526 3378; x_wconf 83' lang='lat' dir='ltr'>suis,</span> <span class='ocrx_word' id='word_1_277' title='bbox 544 3320 573 3364; x_wconf 86' lang='lat' dir='ltr'>et</span> <span class='ocrx_word' id='word_1_278' title='bbox 584 3308 787 3380; x_wconf 81' lang='lat' dir='ltr'>justificabunt</span> <span class='ocrx_word' id='word_1_279' title='bbox 804 3319 900 3364; x_wconf 86' lang='lat' dir='ltr'>semet</span> <span class='ocrx_word' id='word_1_280' title='bbox 919 3309 1000 3380; x_wconf 85' lang='lat' dir='ltr'>ipsos</span> <span class='ocrx_word' id='word_1_281' title='bbox 1010 3347 1020 3376; x_wconf 91' lang='lat'>,</span> <span class='ocrx_word' id='word_1_282' title='bbox 1036 3322 1069 3364; x_wconf 88' lang='lat' dir='ltr'>ut</span> <span class='ocrx_word' id='word_1_283' title='bbox 1088 3311 1194 3380; x_wconf 87' lang='lat' dir='ltr'>probet</span> <span class='ocrx_word' id='word_1_284' title='bbox 1211 3327 1319 3384; x_wconf 86' lang='lat' dir='ltr'>repro.</span> 
     </span>
    </p>
   </div>
   <div class='ocr_carea' id='block_1_8' title="bbox 252 3398 1319 3655">
    <p class='ocr_par' dir='ltr' id='par_1_9' title="bbox 252 3398 1319 3653">
     <span class='ocr_line' id='line_1_35' title="bbox 252 3398 1319 3474; baseline -0.001 -17"><span class='ocrx_word' id='word_1_285' title='bbox 252 3402 310 3458; x_wconf 87' lang='lat' dir='ltr'>bos</span> <span class='ocrx_word' id='word_1_286' title='bbox 327 3417 424 3474; x_wconf 90' lang='lat' dir='ltr'>neque</span> <span class='ocrx_word' id='word_1_287' title='bbox 442 3401 571 3458; x_wconf 86' lang='lat' dir='ltr'>bonitate</span> <span class='ocrx_word' id='word_1_288' title='bbox 599 3417 697 3470; x_wconf 87' lang='lat' dir='ltr'>neque</span> <span class='ocrx_word' id='word_1_289' title='bbox 715 3400 756 3454; x_wconf 87' lang='lat' dir='ltr'>ira</span> <span class='ocrx_word' id='word_1_290' title='bbox 774 3399 870 3454; x_wconf 89' lang='lat' dir='ltr'>bonos</span> <span class='ocrx_word' id='word_1_291' title='bbox 889 3398 970 3454; x_wconf 83' lang='lat' dir='ltr'>lieri.</span> <span class='ocrx_word' id='word_1_292' title='bbox 999 3411 1028 3454; x_wconf 88' lang='lat' dir='ltr'>et</span> <span class='ocrx_word' id='word_1_293' title='bbox 1043 3401 1319 3457; x_wconf 83' lang='lat' dir='ltr'>scaudallsabuntur</span> 
     </span>
     <span class='ocr_line' id='line_1_36' title="bbox 253 3464 969 3558; baseline -0.003 -11"><span class='ocrx_word' id='word_1_294' title='bbox 253 3493 347 3548; x_wconf 88' lang='lat' dir='ltr'>multi.</span> <span class='ocrx_word' id='word_1_295' title='bbox 381 3493 461 3558; x_wconf 83' lang='lat' dir='ltr'>Fiat,</span> <span class='ocrx_word' id='word_1_296' title='bbox 478 3464 526 3552; x_wconf 79' lang='lat' dir='ltr'>list</span> <span class='ocrx_word' id='word_1_297' title='bbox 543 3490 682 3545; x_wconf 84' lang='lat' dir='ltr'>voluutas</span> <span class='ocrx_word' id='word_1_298' title='bbox 701 3489 844 3551; x_wconf 81' lang='lat' dir='ltr'>Domini,</span> <span class='ocrx_word' id='word_1_299' title='bbox 864 3493 969 3547; x_wconf 85' lang='lat' dir='ltr'>Amen.</span> 
     </span>
     <span class='ocr_line' id='line_1_37' title="bbox 320 3580 1317 3655; baseline 0.002 -18"><span class='ocrx_word' id='word_1_300' title='bbox 320 3583 348 3636; x_wconf 83' lang='lat' dir='ltr'>Si</span> <span class='ocrx_word' id='word_1_301' title='bbox 371 3584 478 3652; x_wconf 69' lang='lat' dir='ltr'>gratiae</span> <span class='ocrx_word' id='word_1_302' title='bbox 503 3581 687 3653; x_wconf 86' lang='lat' dir='ltr'>praedicator</span> <span class='ocrx_word' id='word_1_303' title='bbox 711 3595 760 3646; x_wconf 84' lang='lat' dir='ltr'>es,</span> <span class='ocrx_word' id='word_1_304' title='bbox 785 3581 907 3649; x_wconf 83' lang='lat' dir='ltr'>gratiam</span> <span class='ocrx_word' id='word_1_305' title='bbox 924 3599 985 3635; x_wconf 90' lang='grc' dir='ltr'>ιιοιι</span> <span class='ocrx_word' id='word_1_306' title='bbox 1003 3580 1120 3655; x_wconf 81' lang='lat' dir='ltr'>fictam,</span> <span class='ocrx_word' id='word_1_307' title='bbox 1143 3583 1198 3638; x_wconf 86' lang='lat' dir='ltr'>setl</span> <span class='ocrx_word' id='word_1_308' title='bbox 1214 3599 1317 3639; x_wconf 86' lang='lat' dir='ltr'>veram</span> 
     </span>
    </p>
   </div>
   <div class='ocr_carea' id='block_1_9' title="bbox 146 3669 1315 3746">
    <p class='ocr_par' dir='ltr' id='par_1_10' title="bbox 146 3669 1315 3746">
     <span class='ocr_line' id='line_1_38' title="bbox 146 3669 1315 3746; baseline 0.006 -23"><span class='ocrx_word' id='word_1_309' title='bbox 146 3675 151 3687; x_wconf 90' lang='lat'>&#39;</span> <span class='ocrx_word' id='word_1_310' title='bbox 253 3672 408 3745; x_wconf 82' lang='lat' dir='ltr'>praedica:</span> <span class='ocrx_word' id='word_1_311' title='bbox 426 3673 449 3726; x_wconf 90' lang='lat' dir='ltr'>si</span> <span class='ocrx_word' id='word_1_312' title='bbox 467 3687 537 3724; x_wconf 85' lang='lat' dir='ltr'>vera</span> <span class='ocrx_word' id='word_1_313' title='bbox 552 3672 641 3740; x_wconf 82' lang='lat' dir='ltr'>gratia</span> <span class='ocrx_word' id='word_1_314' title='bbox 659 3678 716 3738; x_wconf 87' lang='lat' dir='ltr'>est,</span> <span class='ocrx_word' id='word_1_315' title='bbox 735 3685 851 3736; x_wconf 88' lang='lat' dir='ltr'>verum,</span> <span class='ocrx_word' id='word_1_316' title='bbox 869 3685 929 3725; x_wconf 88' lang='lat' dir='ltr'>non</span> <span class='ocrx_word' id='word_1_317' title='bbox 946 3669 1047 3728; x_wconf 83' lang='lat' dir='ltr'>fiotum</span> <span class='ocrx_word' id='word_1_318' title='bbox 1058 3671 1315 3746; x_wconf 77' lang='lat' dir='ltr'>peccatumfartc.</span> 
     </span>
    </p>
   </div>
   <div class='ocr_carea' id='block_1_10' title="bbox 253 3761 990 3904">
    <p class='ocr_par' dir='ltr' id='par_1_11' title="bbox 253 3761 990 3904">
     <span class='ocr_line' id='line_1_39' title="bbox 253 3761 990 3850; baseline -0.005 -29"><span class='ocrx_word' id='word_1_319' title='bbox 253 3764 342 3821; x_wconf 85' lang='lat' dir='ltr'>Deus</span> <span class='ocrx_word' id='word_1_320' title='bbox 359 3779 419 3816; x_wconf 90' lang='lat' dir='ltr'>non</span> <span class='ocrx_word' id='word_1_321' title='bbox 437 3762 505 3816; x_wconf 88' lang='lat' dir='ltr'>facit</span> <span class='ocrx_word' id='word_1_322' title='bbox 521 3761 620 3818; x_wconf 88' lang='lat' dir='ltr'>salvos</span> <span class='ocrx_word' id='word_1_323' title='bbox 638 3761 708 3816; x_wconf 79' lang='lat' dir='ltr'>licre</span> <span class='ocrx_word' id='word_1_324' title='bbox 726 3770 913 3850; x_wconf 74' lang='lat' dir='ltr'>peccatores.</span> <span class='ocrx_word' id='word_1_325' title='bbox 987 3795 990 3802; x_wconf 34' lang='lat' dir='ltr'>a</span> 
     </span>
     <span class='ocr_line' id='line_1_40' title="bbox 254 3877 819 3904; baseline -0.005 -5"><span class='ocrx_word' id='word_1_326' title='bbox 254 3877 783 3904; x_wconf 66' lang='grc'>...-.-----,--.---</span> <span class='ocrx_word' id='word_1_327' title='bbox 810 3893 819 3898; x_wconf 88' lang='grc'>,.</span> 
     </span>
    </p>
   </div>
   <div class='ocr_carea' id='block_1_11' title="bbox 303 3945 690 4018">
    <p class='ocr_par' dir='ltr' id='par_1_12' title="bbox 303 3945 690 4018">
     <span class='ocr_line' id='line_1_41' title="bbox 303 3945 690 4018; baseline -0.018 -21"><span class='ocrx_word' id='word_1_328' title='bbox 303 3950 326 4000; x_wconf 85' lang='grc'>3)</span> <span class='ocrx_word' id='word_1_329' title='bbox 341 3947 386 4010; x_wconf 65' lang='lat'>⁸:¹⁸¹</span> <span class='ocrx_word' id='word_1_330' title='bbox 400 3945 481 3997; x_wconf 57' lang='lat' dir='ltr'>martit</span> <span class='ocrx_word' id='word_1_331' title='bbox 499 3946 617 4018; x_wconf 76' lang='lat' dir='ltr'>uutauur.</span> <span class='ocrx_word' id='word_1_332' title='bbox 689 3964 690 3972; x_wconf 32' lang='grc' dir='ltr'>ι</span> 
     </span>
    </p>
   </div>
   <div class='ocr_carea' id='block_1_12' title="bbox 0 0 1376 4564">
    <p class='ocr_par' dir='ltr' id='par_1_13' title="bbox 0 0 1376 4564">
     <span class='ocr_line' id='line_1_42' title="bbox 0 0 1376 4564; baseline 0 0"><span class='ocrx_word' id='word_1_333' title='bbox 0 0 1376 4564; x_wconf 95' lang='lat' dir='ltr'> </span> 
     </span>
    </p>
   </div>
  </div>
 </body>
</html>
