2660 4548
794 265 801 294 Ι
886 251 889 259 .

429 283 431 290 ‘
502 301 590 416 net.
699 322 701 334 ·
1008 301 1068 374 uu
1159 325 1162 332 ·

26 469 154 516 certem
171 461 254 531 leger
272 455 376 517 civiles
391 459 473 520 huno
493 463 591 518 eduxit
614 479 753 534 quoque,
780 459 880 518 Exod.
897 459 1012 528 xxti,
1035 469 1069 514 ut
1161 451 1163 458 ’

25 551 160 625 duplum,
180 552 392 622 quadruplum,
408 551 594 624 quintuplum
604 551 777 606 redderetur
788 554 811 618 ¹)
829 553 920 606 ulure
933 567 986 621 pro
997 567 1068 621 qur.

24 639 97 694 litote
109 641 198 709 furti,
215 652 381 706 moreretur
397 655 518 709 eutem,
528 641 554 698 ei
571 641 721 696 hominem
735 651 819 696 erret
835 643 966 708 furatus,
984 641 1066 710 quod

25 730 46 784 ti
62 747 121 784 uon
138 716 284 798 h'eberet,
307 730 370 802 ipre
387 731 573 786 venderetur.
608 727 708 804 Quum
723 731 818 800 legem
836 740 865 786 et
881 729 1019 788 Salomon
1037 730 1067 785 iu

23 817 194 876 Proverbiis
211 819 333 890 probat,
356 818 406 874 ubi
430 819 515 888 dicit,
539 819 635 874 turem
656 836 746 889 poree
767 819 930 878 subeuntia
949 820 1068 876 vendite

23 924 84 964 rere
100 909 263 976 redimere,
286 908 448 964 adulterum
466 909 678 964 veterrimam
693 910 826 980 perdere.
859 907 977 964 Utinam
990 909 1067 968 haec

22 999 68 1053 lex
86 1000 283 1070 reciperetur.

81 1089 131 1144 De
147 1088 234 1144 emici
247 1088 288 1144 tui
303 1087 492 1144 matrimonio
503 1089 548 1144 eie
563 1088 669 1144 tentio.
703 1089 809 1144 Anime
822 1089 889 1160 plut
906 1097 961 1154 eet,
976 1105 1066 1160 quem

22 1193 142 1248 corpus,
164 1189 196 1234 et
215 1179 336 1250 spiritur
354 1178 467 1247 major,
485 1193 572 1249 quem
590 1189 708 1232 venter:
729 1194 799 1232 cum
814 1193 884 1248 ergo
901 1175 953 1232 hie
970 1178 1067 1232 anime

23 1268 81 1336 ejus
107 1267 308 1339 periclitetur,
334 1267 392 1322 illic
420 1284 492 1344 vero
515 1267 613 1322 solum
640 1276 745 1322 venter
771 1268 955 1336 amicorum,
981 1268 1065 1322 vider

23 1358 86 1427 quid
106 1359 132 1412 ei
152 1359 192 1414 sit
213 1358 457 1430 praeeligendum.
493 1355 611 1427 Nempe
634 1367 667 1412 ut
688 1367 815 1412 maturet
837 1373 964 1412 uxorem
985 1357 1065 1413 ecci.

22 1461 104 1514 pere,
124 1455 154 1500 et
172 1447 301 1518 primum
319 1446 430 1500 animae
450 1459 520 1500 eure
540 1445 715 1516 conpulere,
738 1457 843 1518 porteu
869 1447 894 1502 ei
918 1447 1064 1518 supersit,

22 1535 92 1588 unde
116 1547 147 1592 et
173 1536 292 1590 illorum
314 1535 409 1590 ventri
437 1545 465 1588 et
488 1535 659 1592 necessitati
681 1547 847 1594 succurret.
879 1537 992 1593 Faciat:
1018 1537 1065 1592 siu
1140 1581 1146 1600 s

22 1627 130 1694 minus,
151 1627 222 1682 Deo
237 1626 304 1680 illos
319 1625 524 1692 commendet,
545 1635 574 1678 et
592 1625 718 1680 unimam
733 1640 818 1680 suum
835 1627 1014 1693 lucrifaciet,
1035 1634 1068 1680 et

22 1733 75 1768 non
94 1726 189 1772 tentet
205 1716 256 1770 hic
274 1713 450 1769 Dominum.
484 1713 624 1782 Steupitio
645 1713 774 1772 ¹noudum
799 1715 955 1786 respondi,
979 1715 1066 1770 undio

21 1821 90 1859 vero
111 1807 246 1876 ingentes
267 1807 361 1860 minas
382 1801 588 1872 Nttrrnbergue
607 1805 753 1874 parturiri.
787 1805 858 1860 l'nle
881 1817 911 1860 et
933 1823 984 1860 ore
1008 1822 1065 1878 pro

19 1909 73 1949 ute.
108 1893 351 1964 Witembergae,
372 1896 398 1948 2.
416 1891 511 1960 Maii,
533 1909 610 1948 euno
627 1891 808 1952 Muxxtv.

708 1999 857 2056 Martinus
873 1999 1033 2058 Lutherus.

48 2331 72 2388 ⁶.
90 2329 181 2400 vitu.
875 2329 927 2388 N0.
944 2331 1028 2388 Del.

316 2466 364 2536 ltu
394 2465 480 2538 litt.
512 2463 760 2538 uetltllttt.
825 2530 831 2550 ,

65 2607 87 2656 l.
100 2607 163 2660 (καί
175 2605 228 2658 ildr
242 2605 284 2660 lui
297 2607 338 2654 erl
351 2607 508 2672 Qeenrrlluttt
521 2606 547 2654 ltt
559 2606 696 2662 &lenitura
709 2569 890 2667 triremium
903 2607 1001 2659 terrmtae
1014 2609 1061 2656 tutl

22 2680 412 2806 :ffssawgggfflmmm
424 2681 531 2734 tetirtten
543 2681 570 2727 ln
582 2679 751 2734 oeuttuteen
767 2681 819 2730 utre
834 2680 888 2732 tud
901 2689 946 2730 ron
960 2683 1000 2732 ter
1014 2686 1062 2730 retr

157 2953 211 3008 loru
223 2952 387 3000 Aurileler
398 2953 428 3000 ll.
441 2955 487 3006 zu.
513 2953 612 3008 tuentio
626 2955 666 3009 itt
679 2955 772 3008 miti
785 2957 848 3006 XXI.
860 2961 907 3008 dli.

22 3068 125 3171 Gratia
143 3129 171 3173 et
188 3133 248 3190 pax
264 3117 451 3176 iuDontino.
486 3119 561 3174 Cum
580 3119 653 3179 nihil
671 3105 828 3190 irruerem,
851 3125 962 3194 optime
981 3123 1059 3180 Ger.

21 3201 100 3275 belli,
120 3211 203 3282 quod
222 3207 403 3275 scriberem,
428 3209 523 3264 visunt
545 3219 609 3278 eet,
629 3221 661 3264 ut
682 3210 742 3264 hoo
762 3211 861 3280 bajulo
881 3217 1058 3266 occurrente

22 3295 169 3351 salutarem
187 3308 216 3352 te
233 3307 262 3351 et
278 3314 429 3367 rogarem,
456 3311 487 3352 ut
508 3313 613 3354 omues
632 3295 737 3354 frutres
759 3309 789 3352 et
808 3313 929 3352 sorores
947 3299 977 3352 in
993 3299 1059 3354 Do.

22 3384 95 3440 mino
111 3389 270 3455 salutares,
291 3379 491 3442 exhortareris
501 3428 511 3455 ,
535 3397 564 3442 et
581 3403 630 3441 me
648 3387 829 3448 cretionibus
849 3397 954 3441 eorum
975 3403 1058 3444 coru.

22 3475 179 3533 menderes.
207 3477 303 3532 Audio
316 3477 393 3532 enim
409 3477 534 3531 verbum
551 3477 625 3547 apud
642 3492 698 3531 roe
715 3489 807 3546 paene
822 3491 960 3545 regnare:
978 3489 1058 3532 certe

23 3565 90 3631 apud
101 3583 156 3623 nos
174 3567 283 3638 passim
294 3565 380 3622 letius
394 3567 484 3620 currit
500 3579 534 3617 ec
545 3565 674 3634 longius,
692 3579 753 3634 quo
768 3564 859 3633 magis
872 3557 1056 3638 prohibetur.

23 3649 154 3726 Occupet·
172 3657 237 3726 jam
260 3655 493 3726 Megdeburgem
516 3664 546 3708 et
572 3653 715 3722 Eremos,
749 3667 821 3708 mox
842 3655 1054 3726 Brunsvigum‚

24 3753 121 3814 spero,
139 3745 289 3817 migrabit,
310 3727 501 3818 pruesertim,
522 3759 591 3796 cum
607 3742 753 3814 Princeps
771 3743 827 3798 illio
844 3745 873 3812 ²)
890 3743 1056 3818 Helinium,

69 3959 88 4010 tl
102 3959 151 4010 θοι
165 3962 210 4010 unt
223 3957 284 4010 utut
296 3958 423 4011 reddetur,
441 3955 496 4010 nuti
508 3959 570 4011 tritt
583 3959 777 4014 trittenurrttr.
826 3963 848 4013 22
863 3961 935 4016 litet.
948 3963 1005 4016 illic.
