2736 4564
238 280 278 350 tt
369 239 378 352 ’,
486 373 488 378 ¹
719 282 808 346 saar.

234 439 337 510 utique
349 432 446 511 neque
459 453 496 494 ex
509 437 645 494 libertate
663 451 692 494 et
706 449 810 494 contra
820 437 901 494 Evam
906 415 1030 509 gebarin:
1049 445 1078 492 et
1089 445 1189 493 tamen
1205 423 1290 492 libera

151 509 159 522 ¹
234 530 342 584 sabea
360 531 496 584 vivimus.
531 528 620 584 Multi
648 543 720 599 ergo
737 529 821 584 liberi
835 529 894 584 sub
913 540 1053 583 votorum
1072 529 1218 582 servitute
1235 529 1291 581 fue.

234 631 316 674 runt:
335 621 462 691 alioquin
480 631 544 674 erat
560 621 782 690 perlectusjam
809 619 855 673 illc
878 629 948 672 tuus
973 617 1184 686 syllogismus:
1208 619 1289 688 quic.

233 711 303 782 quid
330 721 374 765 est
399 713 539 764 adversus
566 711 643 764 illam
670 711 836 764 libertatem
863 709 1028 778 Evangelii,
1057 707 1113 761 sub
1139 707 1291 763 maledicto

213 813 354 855 aeterno
380 799 543 855 tollendum
568 811 638 879 est.¹
668 802 706 854 At
734 809 874 865 votorum
899 799 1000 868 religio
1029 809 1073 853 est
1096 797 1291 870 hujusmodi?
1344 847 1345 872 ἶ

234 883 317 961 Ergo
335 905 390 944 etc.
426 891 455 945 O
474 891 587 946 felicem
606 899 634 945 et
651 891 811 962 optabilem
829 887 1079 948 conclusionem

193 975 199 984 '
299 981 379 1054 Quid
398 983 494 1048 erpo?
524 981 631 1050 Utique
654 981 733 1034 nulla
758 979 809 1036 lex
835 981 1010 1035 etrserritas
1030 989 1074 1034 est
1091 977 1253 1048 abrogata,
1269 985 1296 1033 at

232 1085 337 1126 noceat
357 1069 389 1125 'et
407 1073 572 1126 adversaria
591 1074 646 1138 sit,
673 1073 725 1126 sed
748 1081 780 1126 ut
804 1069 897 1126 libera
919 1071 973 1137 sit3
998 1070 1059 1125 imo
1084 1086 1193 1126 omnes
1221 1072 1295 1138 leges

231 1163 442 1218 confirmatae:
478 1179 531 1232 per
561 1161 648 1216 fidem
678 1163 756 1216 etrim
790 1161 951 1216 stabilimus
980 1163 1086 1232 legem.
1133 1159 1239 1234 Quare
1270 1171 1297 1213 et

209 1253 370 1307 'votorum
401 1254 449 1306 lex
477 1251 563 1307 stabit
587 1268 658 1305 cum
683 1251 836 1320 Evangelii
862 1251 1017 1319 libertate,
1048 1251 1107 1304 imo
1137 1249 1297 1304 firmabitur

233 1358 287 1414 pcr
303 1359 378 1396 earn.
947 1327 949 1334 ’

241 1449 246 1458 ’
298 1435 383 1506 Quae
410 1432 555 1502 proximis
581 1432 672 1486 literis
691 1431 816 1503 scripsi,
841 1440 970 1502 excepto
994 1432 1066 1485 loco
1092 1429 1174 1486 Pauli
1203 1434 1230 1483 t.
1248 1429 1296 1484 Ti.
1345 1479 1346 1520 p

233 1523 331 1577 moth.
352 1523 429 1590 ttt.,
466 1521 514 1576 ubi
540 1521 643 1575 viduas
669 1521 786 1575 damnat
803 1521 918 1576 solutae
938 1520 1019 1586 sulci,
1048 1537 1095 1574 me
1119 1523 1216 1592 ipsum
1241 1538 1295 1574 nou

236 1600 304 1667 satis
322 1613 501 1671 movebant:
532 1613 583 1667 sed
609 1613 690 1665 volui
709 1612 898 1666 occasionem
917 1612 1005 1676 dare,
1034 1624 1066 1664 ut
1091 1613 1127 1664 ad
1141 1612 1298 1678 sradtcem,

234 1695 296 1756 boc
315 1716 378 1772 cst,
402 1703 436 1756 ad
463 1704 557 1770 legem
582 1703 662 1768 voti,
687 1717 748 1755 non
774 1703 809 1754 ad
828 1701 942 1755 fructas
959 1701 1008 1754 vel
1026 1701 1180 1772 sequelam
1197 1711 1227 1754 te
1245 1709 1297 1754 tra.

235 1793 332 1848 deres.
366 1794 433 1861 Ego
452 1799 610 1864 quousque
628 1793 832 1862 promoverim
850 1787 953 1846 iubae
972 1808 1022 1860 re,
1040 1789 1169 1864 scribam
1187 1791 1254 1844 tibi.

299 1885 371 1938 Non
398 1885 454 1938 alio
481 1883 609 1938 consilio
634 1881 685 1936 bic
711 1882 754 1936 uti
776 1897 864 1954 posse
882 1897 938 1960 nos
957 1881 1102 1949 arbitror,
1131 1898 1296 1953 quamquo

230 1973 358 2040 Paulum
382 1973 518 2028 videmus
544 1975 580 2028 ad
599 1972 696 2028 Galat.
724 1981 752 2025 et
768 1971 878 2044 ubique
905 1974 933 2025 iu
954 1971 1146 2026 rescindenda
1165 1973 1231 2041 lege
1249 1973 1295 2028 tui.

230 2065 380 2133 Putasne,
405 2065 525 2122 Galatas
543 2079 609 2118 sese
629 2063 851 2117 circumcidisse
870 2062 1043 2128 exanimo,
1068 2075 1209 2138 tanquam
1227 2063 1295 2118 Deo
1346 2059 1347 2080 ¹

231 2153 261 2208 iu
279 2155 339 2208 hoc
356 2156 420 2223 ipso
439 2153 602 2208 servientes
621 2161 648 2206 et
666 2151 805 2221 obligati?
829 2167 928 2206 nonne
946 2153 1003 2222 legi
1020 2167 1087 2206 sese
1105 2153 1297 2208 subdiderant

183 2243 188 2255 '
229 2251 355 2318 'propter
371 2241 496 2301 Deum,
512 2253 539 2295 et
556 2243 629 2298 tales
647 2257 714 2296 sese
732 2243 803 2297 Deo
818 2242 991 2297 obtulerunt
1010 2260 1070 2298 uon
1088 2243 1194 2310 aliter,
1212 2254 1296 2315 atque

231 2346 263 2387 se
281 2343 353 2388 voto
372 2317 521 2400 religionis
540 2332 687 2403 quispiam
704 2331 775 2388 Deo
793 2333 904 2388 offert?
932 2325 988 2387 Seii
1016 2349 1072 2404 qua
1092 2336 1206 2390 ratione
1223 2335 1298 2390 Pau.

208 2409 278 2498 'llus
304 2441 357 2479 eos
385 2423 522 2479 retraltit?
553 2441 612 2478 nou
637 2423 703 2494 quia
730 2438 761 2478 se
789 2423 1000 2488 subdiderant,
1027 2425 1080 2479 sed
1107 2426 1175 2495 quia
1201 2425 1297 2481 servili

198 2537 205 2549 s
232 2516 413 2569 conscientia
437 2499 505 2569 vsese
523 2511 732 2568 subdiderant:
759 2531 867 2586 nempe
895 2516 975 2586 quod
994 2515 1053 2570 hoc
1071 2525 1150 2570 esset
1168 2519 1298 2572 omnium
1324 2521 1328 2536 '

230 2601 435 2675 impiissimum
454 2605 482 2658 in
503 2602 615 2658 Christi
632 2604 752 2673 gratiam
771 2614 802 2658 et
819 2604 954 2675 spiritum
972 2606 1044 2674 ejus.
1074 2671 1080 2678 ι
1129 2595 1131 2600 ’
1166 2617 1168 2624 ’

298 2694 342 2749 It'a
360 2694 432 2749 mihi
451 2693 500 2748 hic
518 2693 684 2746 faciendum
702 2679 776 2748 cum
796 2693 898 2747 fiducia
916 2693 1049 2762 videtur,
1068 2695 1096 2748 in
1114 2693 1299 2767 huncsyllo.
1347 2689 1348 2704 ¹

232 2779 360 2856 gismum
387 2784 531 2838 sententia
557 2785 669 2838 cdacta.
720 2783 901 2856 Quicunque
925 2783 998 2839 vivit
1026 2787 1123 2840 animo
1150 2789 1298 2841 contrario

232 2873 563 2944 evangelicaelibertati‚
580 2873 747 2928 liberandas
760 2883 816 2938 cst,
835 2883 864 2928 et
876 2861 1035 2934 anatliema
1054 2875 1089 2930 sit
1105 2877 1169 2948 ejus
1182 2887 1295 2933 votum.

231 2970 273 3024 At
291 2967 340 3036 qui
359 2967 442 3019 vovit
459 2965 556 3018 auimo
571 2961 674 3040 salutis
700 2973 749 3016 aut
760 2963 887 3030 justitiae
905 2965 1090 3034 quaerendae
1110 2983 1162 3036 per
1179 2979 1297 3032 votum,

195 3111 201 3118 ,
234 3067 280 3110 est
298 3055 453 3127 ejusmodi.
490 3055 643 3123 Ergoetc.
679 3053 756 3107 Cum
774 3061 872 3108 autem
889 3053 995 3124 vulgus
1013 3058 1189 3110 voventium
1208 3045 1298 3112 ferme

232 3148 295 3204 hoc
313 3147 410 3200 animo
427 3155 554 3212 voveat,
572 3145 759 3199 manifestum
778 3154 824 3199 est
841 3159 947 3198 eorum
965 3156 1033 3200 vota
1051 3155 1117 3208 ‘esse
1130 3144 1236 3218 impia,
1255 3165 1299 3203 sa.

235 3239 362 3308 erilem,
388 3236 550 3304 Evangelio
577 3236 742 3300 contraria,
768 3235 892 3308 ideoque
910 3251 1036 3316 prorsus
1053 3238 1247 3294 rescindenda
1272 3249 1299 3294 ct

225 3327 268 3383 ¹in
285 3329 441 3382 anatliema
460 3327 607 3397 ponenda.
1123 3329 1126 3340 '
1178 3337 1183 3346 ·
1265 3345 1267 3349 ’

302 3417 423 3492 Quotus
440 3431 525 3488 putas
544 3427 670 3471 voturos
686 3415 800 3482 fuisse,
818 3415 843 3470 si
861 3415 1022 3471 scivissent
1038 3427 1110 3474 voto
1128 3429 1184 3474 'suo
1203 3435 1297 3492 neque

231 3507 374 3577 justitiam
397 3523 493 3578 neque
519 3507 644 3561 salutem
663 3507 902 3560 consecuturos?
934 3505 1019 3588 Ergo
1044 3525 1150 3564 omnes
1176 3511 1238 3564 sere
1256 3511 1297 3565 in.

236 3597 366 3651 volutam
392 3614 495 3652 secum
522 3597 632 3652 habent
654 3595 793 3650 servilem
821 3595 897 3648 hand
922 3589 1151 3656 c'onscientiam:
1181 3585 1241 3654 imo
1258 3615 1296 3657 ex

228 3689 294 3741 bac
318 3687 380 3758 ipsu
406 3696 531 3752 vovent,
559 3699 590 3740 ut
606 3695 726 3758 sperent
746 3675 815 3739 s'ese
841 3701 895 3755 per
912 3695 1017 3740 votum
1035 3687 1104 3742 Deo
1124 3688 1297 3759 placituros,

232 3779 332 3850 justos
351 3770 496 3830 et'salvos
517 3775 586 3830 lieri.
622 3773 702 3848 Quid
728 3773 856 3846 alioqui,
887 3773 1035 3846 inquiunt,
1062 3777 1090 3830 in
1117 3783 1296 3836 monasterio

228 3867 386 3922 ‘facereml'
419 3859 615 3942 Quare'·dutn
643 3865 701 3917 hac
727 3858 910 3919 conscientia
944 3873 1075 3930 vovent,
1104 3885 1166 3923 vox
1194 3888 1295 3925 eorum

237 3959 310 4014 nihil
328 3956 404 4012 aliud
421 3967 525 4024 sonat,
546 3971 640 4027 quum
655 3954 733 4010 hoc:
763 3971 833 4010 ecce
851 3953 957 4021 Deus,
984 3973 1039 4026 ego
1058 3957 1109 4012 tibi
1127 3975 1227 4018 voveo
1245 3963 1295 4016 im.
