2676 4574
237 241 298 307 on
407 199 413 212 ’
677 285 682 302 ,
713 199 801 304 ism

236 394 431 467 nonenim,
448 409 481 454 ut
498 381 601 456 saltem
620 400 785 470 opprobrio
806 397 889 452 alieni
905 395 1033 452 nomin'n
1050 379 1122 450 sese
1137 393 1284 462 solentur,
1322 415 1323 474 p

238 501 268 544 et
284 490 429 544 terribiles
449 490 547 544 Etnim
564 506 629 545 sese
647 489 771 558 fingunt,
796 489 847 560 qui
872 505 941 560 prae
965 503 1019 550 sua
1040 481 1157 542 inscitie
1175 497 1205 556 et
1219 489 1286 540 mala

236 579 417 638 conscientia
435 579 535 635 nullibi
553 582 661 636 nudent
677 595 860 650 comparere.
895 577 1098 650 Apparuiego
1119 575 1192 647 jani
1207 577 1284 632 tenio
1322 623 1323 650 3

237 687 340 726 eornm
366 671 425 736 eis,
452 669 578 742 denique
603 671 801 726 Wonnatiam
824 669 973 739 ingressus
997 685 1083 736 snm,
1107 667 1203 722 etiam
1225 684 1284 720 cun
1322 659 1323 690 ³

237 761 364 828 scirem,
389 761 461 816 mihi
486 761 622 816 violatum
640 775 743 814 esssa
763 760 889 816 Caesare
907 759 996 816 fidem
1013 758 1181 830 publicam.
1214 756 1283 812 Nan

238 851 400 906 didicerunt
423 850 579 922 Principes
606 850 802 918 Germaniae,
831 850 902 906 olim
926 850 962 904 de
990 849 1047 904 fide
1074 849 1285 902 laudatissimae

154 946 158 957 “
237 941 351 1010 gentis,
378 957 457 994 nunc
483 941 512 995 in
541 940 717 1012 obsequium
740 940 808 996 idoli
833 939 960 996 Romani
983 937 1056 994 nihil
1084 938 1181 1008 magis
1207 953 1284 1008 quun

235 1031 323 1084 fidem
335 1039 546 1100 contemnere,
565 1032 594 1084 in
610 1040 784 1102 perpetuam
799 1030 924 1086 nationis
943 1029 1147 1100 ignominiam.
1183 1029 1230 1082 Sic
1244 1045 1286 1080 an.

236 1135 292 1176 sus
308 1129 354 1174 est
370 1119 508 1189 fugitivus
525 1120 573 1177 itte
589 1130 618 1174 et
632 1119 823 1174 meticulosus
836 1118 987 1176 Lutherus
999 1120 1152 1191 ingyrum
1164 1117 1284 1170 dentium

236 1209 407 1264 Behemoth
432 1210 550 1264 insilire.
586 1213 625 1264 At
647 1210 686 1264 illi
709 1209 853 1264 tremendi
871 1209 895 1274 ¹)
913 1209 1055 1278 Gigantes
1080 1209 1178 1280 quid?
1212 1209 1283 1262 Toto

235 1301 297 1354 hoc
314 1300 442 1358 triennio
458 1317 518 1356 non
536 1309 582 1356 est
599 1300 738 1355 inventus
754 1316 846 1367 unus,
863 1299 912 1372 qui
925 1301 958 1354 sd
971 1315 1027 1354 nos
1038 1291 1284 1368 w'ineninergan

238 1393 434 1470 concederet,
461 1401 610 1448 eteorum
633 1393 719 1446 nobis
744 1393 828 1446 etiam
851 1401 1050 1460 staret„cum
1075 1401 1105 1445 et
1132 1392 1283 1445 certissimi
1322 1383 1323 1428 i

150 1479 162 1550 ¹,
230 1480 295 1536 'sint
313 1481 348 1534 de
367 1478 422 1536 lide
440 1473 576 1536 eltuteu
600 1483 723 1552 (nempe
741 1481 797 1535 sub
817 1479 950 1538 Caesaris
969 1481 1013 1534 sui
1032 1481 1187 1550 praesidio
1203 1481 1283 1534 acturi
1322 1463 1323 1474 ¹

132 1585 139 1596 ·
236 1573 373 1634 omnia).·
395 1571 504 1625 Adhuc
529 1571 636 1626 nudent
659 1570 800 1627 homines
817 1569 995 1626 effoeminati
1010 1581 1040 1626 et
1057 1570 1211 1626 excordes
1229 1585 1283 1640 spe.

235 1680 301 1718 rare
319 1648 501 1734 triumphum
518 1661 686 1730 niea‘fngn,
697 1653 909 1716 'foedissimam
927 1677 1009 1716 snam
1027 1661 1222 1731 ignominiam
1239 1661 1283 1714 ho.

236 1754 392 1819 nestatnri,
409 1769 467 1824 qua
485 1763 549 1808 toto
568 1751 642 1806 orbe
659 1753 864 1818 celebrantur,
881 1767 949 1808 sese
968 1757 1037 1823 prae
1057 1752 1187 1808 nuditate
1202 1759 1231 1806 et
1244 1767 1283 1819 pe.

235 1859 311 1898 vore
329 1842 415 1899 animi
433 1859 493 1896 non
511 1841 617 1896 audere
634 1842 661 1894 in
683 1852 878 1911 conspectum
903 1841 988 1896 unius
1011 1841 1140 1895 Lutheri
1164 1839 1281 1914 prodire.

236 1933 316 2008 Quid
335 1941 420 2003 putas
438 1933 494 1986 liae
512 1931 630 1998 fragiles
648 1929 907 2000 bullue'facerent‚
935 1931 959 1984 si
983 1941 1013 1984 et
1036 1931 1092 2004 ipsi
1110 1941 1281 2001 cogerentur
1320 1939 1321 1980 1

236 2035 340 2078 corarn
358 2021 525 2076 adversario
544 2022 668 2076 Caesare
690 2031 719 2073 et
740 2020 874 2074 hostibus
899 2019 1137 2090 praevalentibus
1166 2022 1278 2076 sistere?

236 2111 357 2166 Scilicet
374 2113 400 2166 in
419 2111 502 2172 inille
517 2110 689 2166 diverticula
706 2111 840 2187 lugerent
856 2111 975 2182 miseri,
994 2112 1043 2182 qui
1063 2127 1145 2166 nunc
1162 2111 1193 2165 in
1209 2111 1277 2164 cuni.
1320 2143 1321 2182 t

235 2203 310 2256 culis
328 2202 389 2260 suis
406 2201 482 2260 siout
500 2201 615 2256 sorices
634 2200 804 2258 mussitant:
833 2195 986 2268 Lutherus
1004 2203 1168 2270 meditatur
1184 2204 1279 2272 rugan.
1321 2249 1322 2280 ἐ

236 2290 283 2346 Sic
300 2300 328 2343 et
345 2291 413 2344 Rex
431 2290 553 2358 Angliae
571 2291 632 2344 hoc
649 2291 835 2344 libro-multu
851 2291 939 2346 saliva
956 2286 1080 2347 blaterat
1094 2291 1135 2348 de
1145 2293 1278 2362 fugamne
1320 2283 1322 2315 l

235 2378 476 2446 inBohemiaenn‚
504 2379 598 2432 homo
616 2380 733 2448 sapiens
759 2379 887 2448 scillcet,
915 2381 963 2452 qui
989 2381 1085 2436 credit
1112 2383 1185 2436 ideo
1205 2397 1278 2434 suun
1321 2440 1322 2462 χ

234 2467 344 2522 librum
356 2483 422 2546 esse
435 2468 636 2524 victoriosum
646 2479 676 2523 et
687 2470 772 2540 digne
790 2471 949 2542 scriptum,
967 2472 992 2527 si
1011 2472 1046 2526 ad
1062 2471 1281 2532 BuhemosLn.
1321 2467 1322 2521 l

228 2544 341 2614 'iherus
359 2557 483 2630 fugerit,
501 2569 559 2612 tarn
576 2575 685 2614 vecors
699 2569 726 2612 et
737 2561 888 2618 muliebris
900 2572 945 2616 est
956 2561 1053 2618 stolidi
1063 2563 1164 2634 Regis
1176 2563 1277 2618 invidit.

299 2681 365 2750 Ego
379 2699 472 2748 vero,
490 2683 623 2752 quamvis
637 2683 737 2742 ardeat
748 2684 863 2740 unimus
875 2683 976 2740 videre
988 2685 1171 2742 Bohemiam
1186 2695 1215 2738 et
1225 2683 1278 2738 reli.

236 2772 354 2840 gionsm
373 2771 520 2842 papisticis
537 2772 677 2832 monstris
696 2785 756 2824 tam
772 2773 923 2840 odiosam,
948 2783 1047 2828 tamen
1070 2775 1218 2830 hactenus
1238 2771 1277 2824 ab.

236 2861 324 2922 stiuui
350 2874 380 2914 et
401 2859 575 2929 abstinebo,
599 2879 671 2916 non.
684 2861 765 2934 quod
782 2863 976 2938 opprobrium
995 2864 1126 2918 nominis
1144 2875 1277 2940 metuant,

237 2949 319 3020 quod
337 2950 549 3007 celeberrimae
567 2951 675 3006 notioni
692 2949 836 3014 vilissime
852 2951 1008 3008 hominum
1025 2953 1111 3018 faex,
1135 2953 1277 3024 Papistan

236 3055 305 3094 cum
318 3053 431 3094 summa
444 3040 566 3112 pertidia
579 3051 608 3096 et
619 3041 725 3111 injuria¹
734 3043 908 3100 inusserunt.
936 3041 1016 3098 Num
1025 3043 1195 3114 justissima
1208 3056 1279 3094 causa

239 3130 371 3186 Bohemi
388 3130 551 3186 homicidas
570 3131 643 3188 istos
660 3143 694 3206 et,
707 3131 908 3199 Antichristos
929 3129 1062 3204 Papistus
1079 3134 1278 3196 deseruerunt,
1320 3149 1321 3156 ¹

237 3231 395 3294 postqunm
413 3220 601 3298 innocentem
618 3221 715 3278 visiun
731 3223 753 3276 d
756 3222 903 3276 ohannem
920 3223 1000 3276 Huss
1018 3223 1074 3294 ipsi
1096 3225 1207 3296 septies
1223 3221 1279 3274 hae.
1320 3247 1321 3288 p

237 3311 322 3368 retici
344 3321 540 3378 exusserunt,
567 3323 598 3377 et
618 3322 774 3384 utramque
799 3314 930 3382 speciem
954 3331 970 3366 a
990 3313 1112 3368 Christo
1135 3315 1279 3370 institutum

237 3403 382 3474 sacrilege
400 3403 622 3456 damnaverunt.
657 3402 718 3456 llue
738 3401 816 3456 enim
834 3415 938 3456 causae
953 3402 1012 3456 odii
1026 3404 1206 3476 papisticiin
1215 3401 1279 3456 hant

239 3507 377 3562 gentem,
404 3509 461 3546 nec
479 3491 634 3562 aliquando
652 3501 830 3562 purpuratae
849 3491 933 3548 istius
950 3494 1119 3548 meretricis
1137 3493 1226 3564 spurii
1242 3509 1278 3558 ag.

238 3593 369 3652 noscunt
386 3583 477 3636 fertile
496 3595 583 3638 suurn
599 3581 792 3636 homicidium
811 3593 840 3636 et
862 3583 985 3636 damnati
1003 3583 1157 3652 Evangelii
1174 3581 1279 3638 sterile.

240 3672 336 3740 glum,
363 3674 434 3744 quin
458 3683 584 3743 pergunt
601 3673 734 3725 furorem
751 3688 838 3725 suum
856 3673 929 3725 tueri
947 3681 974 3725 et
992 3673 1206 3744 opprobritun,
1231 3687 1277 3744 quo

289 3923 314 3974 l)
328 3921 382 3966 Str.
398 3915 464 3974 inlidi
478 3922 619 3968 trementes.
