2676 4574
509 233 678 359 tras.¹
881 241 919 256 '⁴
1010 287 1109 380 Ιιιι
1183 360 1185 380 ,

41 442 262 504 Delmabdata
273 443 386 506 alienos
399 445 474 506 lilios
486 450 634 506 attrahere
645 457 675 504 et
692 447 749 509 sibi
766 445 958 515 tribuere-‚et
970 432 1109 518 parentes'

39 535 224 604 autoritate,
241 545 272 590 et
283 537 361 592 filios
373 537 540 594 obedientia
558 538 731 610 spoliando,
747 539 810 594 hoe
827 547 874 594 est
890 538 993 592 Deum
1011 537 1110 608 ipsunt
1185 551 1190 568 ¹
1254 526 1258 536 ’

39 643 119 680 cum
136 641 194 682 suo
211 637 372 702 praecepto
389 629 533 698 negando.
569 631 596 686 Ο
610 630 748 686 festivam
760 627 963 695 monasticen,
983 625 1110 710 pulehrp

37 715 165 774 scilieet
189 733 243 786 per
262 719 434 788 exemplum
451 719 687 774 Reehabitarum
710 718 883 792 probatam,
906 727 937 774 et
960 718 1111 786 inventam

38 805 242 892 sacrilegam,
260 806 284 872 ¹)
303 800 502 862 adversariam
520 809 654 880 exempti,
667 807 874 875 Rechabitici,
892 818 921 862 et
937 807 968 874 ²)
986 823 1127 880 execra„

38 895 140 950 bilem
166 897 331 954 vastitatem
359 897 450 954 divini
477 899 618 967 mandati,
648 899 806 974 paternalis
830 895 862 966 ³)
887 891 1052 974 autoritatis
1079 905 1111 953 et

38 985 142 1042 filialis
162 987 359 1070 obedientiae.
532 993 535 1002 ⁴

111 1076 189 1150 Sunt
206 1087 369 1158 praeterea
365 1087 407 1132 et
424 1076 521 1132 adhue
545 1077 629 1134 alia'
623 1096 651 1132 m
667 1077 851 1148 monastice,
879 1093 955 1148 quae
979 1085 1110 1160 pugnant

39 1141 193 1248 exemplo
210 1165 421 1226 Reebabitico.
455 1167 494 1223 Et
513 1169 583 1240 quid
600 1187 661 1224 non
669 1179 837 1248 pugnaret,
856 1168 973 1242 quando
992 1181 1109 1224 summa

38 1261 110 1328 ipsa
128 1261 258 1332 pugnat?
275 1259 380 1318 Primo
397 1261 485 1316 Deus
503 1277 564 1316 non
582 1261 713 1321 laudato
695 1261 805 1332 impera
828 1260 881 1318 sed
900 1261 1110 1340 obedientiam.
1190 1285 1197 1300 ν

38 1352 128 1422 Nam
143 1353 213 1424 ,etsi
237 1353 290 1428 alia
307 1369 397 1424 opera
418 1353 607 1422 mandasset,
631 1353 892 1426 aeque'laudassat
909 1353 1108 1410 obedientiam

39 1459 154 1500 eonem
165 1445 353 1504 :monastice
370 1461 443 1499 vero
460 1453 522 1500 tota
540 1445 569 1501 in
584 1443 675 1500 certis
688 1444 830 1516 operibus
842 1461 940 1500 merea
952 1457 1008 1502 eet.
1042 1446 1109 1514 De,
1142 1481 1144 1486 «

40 1534 115 1600 inde
133 1544 252 1604 eertum
269 1545 334 1598 est,
351 1535 528 1606 Reehabitis
545 1553 606 1590 non
619 1535 664 1590 sic
682 1548 749 1591 esse
767 1534 833 1592 talia
845 1545 1005 1606 praecepta
1022 1551 1038 1589 a
1056 1554 1108 1606 pa.

39 1632 89 1680 tre
107 1639 184 1692 suo,
211 1625 292 1703 quod
316 1624 364 1688 his
383 1624 524 1695 operibus
543 1626 692 1695 quendam
719 1624 833 1680 oialtum
849 1624 909 1696 Dei
928 1623 1107 1694 singularem
1208 1683 1211 1696 ,
1236 1605 1240 1612 ’

41 1714 217 1783 exigerent,
238 1712 301 1786 hoe
325 1715 404 1769 enim
426 1715 530 1770 luisset
550 1715 674 1788 impium
685 1755 695 1782 ,
719 1731 777 1770 neu
792 1713 853 1776 hoc
871 1715 941 1786 dieit
957 1713 1107 1770 ieremias

42 1805 132 1868 (uam
148 1805 221 1860 nihil
239 1821 363 1876 prorsus
387 1806 448 1880 geri
466 1806 559 1861 debet
576 1807 605 1860 in
623 1806 705 1860 cultu
722 1803 804 1873 Dei‘,
826 1806 888 1860 sine
907 1815 991 1862 certo
1009 1805 1105 1860 verbo

41 1896 127 1965 Dei,
145 1907 178 1952 ut
193 1888 391 1966 diximue,)l)
411 1895 464 1976 sed
475 1897 522 1951 usi
540 1905 611 1951 sunt
627 1913 664 1974 eo
682 1885 828 1974 exereitio
842 1895 953 1964 iibere,
972 1913 1025 1967 pro
1038 1911 1107 1950 eor.

42 2002 125 2058 pore
150 2001 226 2054 suo,
250 1986 328 2041 sicut
350 1985 423 2040 elius
450 1979 639 2064 agricultura.
672 1978 742 2040 lla&
761 1985 905 2040 modestia
917 2001 980 2040 uon
1000 1985 1111 2066 incedit
1212 1987 1226 2022 ι’

42 2077 214 2130 monastice
231 2085 331 2130 nostra
342 2115 350 2140 ,
361 2073 421 2130 'sed
439 2076 541 2130 Satana
558 2074 688 2130 vehente
706 2076 832 2130 ambulat
850 2091 939 2146 supra
957 2091 989 2130 se
1006 2077 1035 2130 in
1052 2073 1108 2131 mi.
1163 2143 1168 2152 ,

42 2164 189 2220 rabilibus
214 2175 243 2220 et
260 2165 392 2244 magnis,
418 2166 528 2221 iaciens
544 2159 576 2232 5)
602 2165 665 2221 suis
686 2165 788 2221 stridiis
808 2183 868 2220 non
885 2165 977 2219 modo
994 2165 1106 2220 auitum

42 2255 129 2324 Dei,
155 2255 208 2310 sed
232 2255 294 2310 iere
317 2257 440 2310 unicum
463 2265 492 2310 et
509 2271 658 2310 summum
676 2259 788 2314 cultum
805 2255 890 2322 Dei,
909 2256 1021 2328 absque
1042 2253 1107 2309 ullo

43 2331 198 2404 mendato
207 2346 276 2402 Dei.
312 2345 438 2402 Nam'
408 2345 594 2402 nisieultum
611 2343 672 2400 Dei
690 2355 916 2418 praetexerent,
941 2347 1039 2400 utilius
1058 2359 1109 2399 ae.

42 2438 187 2504 cederet,
208 2437 365 2512 nullusque
384 2447 524 2492 maneret.
559 2437 615 2490 llic
635 2447 681 2492 est
699 2437 747 2490 ille
769 2435 836 2490 ilaul
853 2435 936 2492 Peor
953 2436 1109 2508 impuden.

43 2528 200 2596 tissimus,
218 2535 346 2582 statuere
365 2517 531 2582 temeritate
549 2515 668 2598 propria
685 2530 774 2583 altare
791 2544 920 2593 novum,
945 2537 974 2580 et
992 2525 1108 2580 cultum

41 2618 107 2675 Dei
126 2619 241 2688 erigere
262 2618 877 2686 singularem·

112 2709 201 2764 Adde
222 2708 301 2798 quod
319 2707 556 2764 Recitabitarum
578 2708 667 2764 libera
691 2709 737 2764 illa
761 2720 791 2764 et
813 2705 977 2790 corporalis
994 2704 1110 2760 sanctio

41 2817 108 2856 non
126 2787 279 2854 ferebatur
295 2815 388 2871 super
405 2815 456 2853 res
474 2779 660 2872 spiritualett,
682 2815 758 2872 quae
775 2799 805 2853 iu
822 2815 910 2852 mauu
927 2807 1029 2853 nostra
1047 2813 1111 2867 nou

42 2900 128 2946 sunt.
162 2889 236 2945 Non
254 2890 333 2944 enim
351 2889 404 2944 illis
423 2888 614 2944 mandabatur
629 2887 829 2958 coutinentia
846 2898 895 2966 aut
913 2879 1110 2962 quicquam⁶)
1140 2939 1146 2948 ,

44 2971 158 3060 quod
144 2981 179 3035 ad
189 2979 314 3036 animam
327 2981 466 3052 pertinet,
485 2980 538 3036 sed
549 2995 640 3053 super
652 2979 753 3034 viuum
766 2989 816 3033 et‘
807 2969 837 3046 'J
852 2981 952 3054 frugeq
965 2990 994 3034 et
1008 2978 1110 3050 aedes,

45 3089 180 3146 quorum
206 3071 279 3127 nihil
301 3090 362 3127 nou
380 3073 473 3126 estin
497 3087 585 3126 ruanu
602 3081 718 3125 nostra.¹
751 3072 792 3125 At
809 3081 919 3126 ⁴nostra
942 3071 1110 3138 monastice

44 3167 135 3240 piane
148 3163 259 3218 furiosa
275 3163 309 3217 ad
322 3179 355 3217 ea
366 3171 468 3232 urget,
485 3161 601 3234 quaein
611 3171 712 3216 nostra
724 3177 813 3216 manu
825 3179 885 3216 non
898 3172 966 3217 stent
974 3202 983 3229 ,
1001 3177 1110 3234 nempe

45 3257 83 3311 ad
106 3255 284 3312 castitatem.
318 3253 398 3308 Nam
423 3265 522 3323 neque
546 3247 683 3305 Jonadab
700 3252 837 3308 licuisset
857 3251 920 3306 filiis
938 3253 1000 3316 suis
1019 3252 1112 3324 impe.

47 3364 137 3414 rare,
160 3345 241 3418 quod
266 3345 295 3398 in
316 3359 405 3398 manu
428 3351 536 3408 eorum
551 3343 613 3396 non
632 3356 728 3411 esset,
754 3343 808 3397 etsi
825 3351 947 3414 patema
965 3341 1111 3413 potiretur

47 3437 216 3494 autoritate.
248 3435 290 3491 Et
314 3419 359 3490 isii
377 3433 468 3489 insani
488 3435 524 3488 et'
534 3431 619 3488 alieni
636 3449 728 3503 super
746 3433 821 3487 lilios
840 3448 900 3486 non
925 3447 1002 3487 suos
1016 3435 1112 3500 impo.

47 3543 127 3586 nunt
144 3527 339 3600 impossibilia
356 3525 411 3580 iliis
430 3523 544 3597 absque
561 3523 619 3578 ulia
637 3523 801 3578 autoritate.
837 3522 865 3578 Ο
884 3523 969 3577 uuor
993 3531 1022 3578 et
1040 3521 1112 3578 abo.

47 3620 184 3677 minatio.
218 3617 261 3674 Et
277 3617 374 3673 adhue
389 3615 614 3673 Thesaurivora
638 3613 992 3684 isteaudetcomparare
1008 3619 1111 3668 mone*-
1148 3643 1153 3664 t
1224 3601 1228 3609 “
1330 3639 1331 3656 ι

49 3715 150 3772 stieen
166 3727 238 3766 cum
249 3707 465 3778 oeconomice,
483 3705 698 3762 cum-differant
709 3705 788 3762 sicut
801 3702 930 3760 hilarum
938 3711 971 3758 'et
980 3707 1113 3774 eoelum.
1151 3773 1155 3782 .

51 3842 584 3872 W..

99 3899 1144 3988 evuraavu-a.nmtmmm.umtamumaul
1213 3919 1238 3928 „

50 3997 218 4052 avuta
268 3988 479 4047 uvarum
528 3991 709 4063 uvu7u
