2676 4574
547 291 638 360 152&
1062 294 1123 364 292

126 441 249 498 Τεεεειι
266 441 384 500 uicum
402 463 507 518 craeso
526 449 654 506 cerebro
673 461 775 504 crasse
800 447 923 521 loquar,
947 449 1061 519 partior
1083 449 1126 502 vi.

54 537 121 586 tarn
140 530 270 588 hominis
287 537 317 590 in
334 536 409 604 duo,
427 539 476 592 vel
494 539 574 594 enim
591 540 650 609 agit
667 555 737 615 crim
755 539 965 605 inferioribus,
987 541 1036 594 vel
1054 555 1126 594 cum
1203 581 1207 624 1

53 624 270 692 superioribus
299 641 380 684 εεεε.
420 629 497 684 Cum
524 629 716 686 inferioribus
746 647 834 700 agere
862 631 1008 701 permittit
1036 631 1125 686 Deus

56 713 153 768 etiam
179 732 230 782 en,
255 733 330 787 quoe
349 719 413 790 ipse
430 737 492 774 non
509 721 625 776 ordinat
641 721 736 778 sacris
756 720 866 786 literis,
893 731 926 775 ut
951 720 1124 790 aedificare,

54 819 189 872 pascere
209 822 319 876 pecus,
338 823 456 875 emere,
473 820 503 864 et
522 819 554 866 ut
568 811 673 866 Petrus
689 816 781 866 vocat
798 821 950 866 creaturae
968 811 1124 880 humanas,

55 893 88 948 id
108 905 175 963 est,
196 897 399 954 ordinationes
418 902 528 954 facere.
566 900 666 956 lnhie
684 919 745 961 uon
764 913 810 958 est
827 917 922 972 opus,
948 911 982 956 ut
998 904 1126 956 verbum

52 983 122 1040 Dei
142 998 307 1057 expectes,
325 990 379 1044 sed
396 1001 495 1062 potest
511 990 587 1046 haec
600 991 626 1057 ¹)
644 993 732 1047 etiam
748 991 860 1050 tethro
878 993 996 1060 gentiiis
1012 992 1127 1048 Mosen

57 1087 205 1129 nanctum
217 1077 345 1146 docere,
364 1081 497 1150 eoquod
514 1079 646 1150 (Getico.
661 1081 703 1148 1.)
721 1082 814 1136 horno
832 1081 950 1154 positus
969 1082 1009 1136 sit
1023 1097 1126 1136 rerum
1181 1105 1184 1114 ⁴

55 1165 223 1234 dominus,
241 1177 272 1222 ιιι
284 1170 495 1240 pernitionem
507 1188 541 1226 en
552 1171 706 1243 disponat,
725 1189 801 1244 quoe
813 1183 881 1228 suot
892 1189 959 1228 εεεε
973 1172 1125 1240 inferiora,

54 1269 118 1326 pro
135 1271 196 1310 ouo
213 1257 344 1314 arbitrio.
378 1259 459 1317 Nam
477 1259 506 1314 in
522 1259 570 1318 his
585 1279 647 1316 non
659 1273 706 1317 εει
718 1263 793 1318 situs
807 1263 903 1316 cultus
915 1261 995 1330 Dei,
1012 1273 1042 1317 et
1054 1261 1127 1318 fiunt

56 1355 121 1400 tom
139 1346 179 1400 ab
196 1347 292 1417 impiis
308 1365 398 1421 quam
416 1350 485 1422 piis.
502 1349 531 1419 ²)
558 1338 707 1424 Dispersa
723 1363 794 1408 sunt
809 1352 886 1408 haec
904 1351 1044 1408 omnibus
1063 1369 1128 1422 gra.

57 1437 157 1499 tuito,
174 1435 262 1494 bonis
279 1449 309 1494 et
325 1440 475 1508 malie,·ot
492 1441 565 1498 dicit
581 1442 694 1499 Matth.
714 1442 766 1502 VI.
784 1440 811 1504 ³)
831 1471 834 1480 ·

127 1528 189 1584 Sed
214 1545 284 1584 eum
306 1532 513 1602 superioribus
539 1549 643 1603 agere,
668 1533 697 1590 id
715 1544 762 1590 est
780 1549 850 1588 cum
867 1534 957 1601 Deo,
981 1549 1041 1588 non
1059 1549 1129 1603 per.

56 1618 146 1674 misit
161 1619 246 1674 Deus
260 1635 394 1692 unquam
411 1633 462 1676 aut
479 1623 640 1694 permittit,
659 1623 714 1678 sed
726 1623 871 1696 quicquid
883 1623 934 1678 hic
948 1621 1009 1676 fieri
1023 1621 1127 1690 debet,

60 1708 127 1762 hoc
141 1707 234 1773 debet
249 1727 310 1768 non
326 1713 382 1768 nisi
404 1723 489 1768 certo
514 1724 544 1768 et
570 1729 718 1785 expresso
741 1714 881 1768 innodato
897 1713 959 1768 Dei
986 1712 1063 1780 fieri,
1090 1729 1128 1770 eo
1186 1764 1190 1776 ,

59 1801 279 1870 quodneeciot
295 1801 391 1860 homo
409 1823 464 1875 per
481 1821 514 1860 εε
533 1821 584 1874 ee,
611 1821 687 1876 quae
713 1814 957 1876 superserunt,
979 1803 1040 1858 hoc
1063 1813 1128 1872 est,
1177 1837 1180 1848 ·

59 1890 136 1961 quid
154 1891 242 1950 Deus
259 1895 346 1961 velit,
364 1895 421 1949 nini
439 1886 496 1950 ¹suo
514 1895 610 1950 verbo
628 1911 698 1950 sese
715 1894 872 1960 revelarit,
891 1894 970 1948 sicot
988 1895 1130 1948 inferiora

58 1980 190 2038 homine
207 1984 360 2054 nesciunt,
385 1985 455 2056 quid
472 1985 568 2040 horno
585 1985 674 2053 velit,
699 1985 756 2038 nisi
774 1985 859 2054 signo
877 1999 947 2040 εεεε
964 1983 1131 2039 ostenderit

56 2071 128 2138 eis,
155 2081 188 2128 ut
212 2074 427 2146 percutiendo,
454 2075 617 2142 frenando,
643 2074 770 2130 levando
794 2087 853 2130 etc.
892 2074 965 2128 Ideo
990 2074 1041 2128 hic
1066 2091 1129 2130 non

60 2162 136 2216 satis
152 2175 199 2218 est
216 2165 333 2233 dicere,
351 2181 412 2222 non
430 2175 478 2220 est
496 2165 680 2236 prohibitum
693 2164 724 2218 in
737 2163 832 2220 sacris
843 2164 955 2228 literis,
971 2157 1024 2220 se'd
1039 2180 1130 2238 opor.

59 2261 107 2306 tet
124 2254 237 2321 dicere,
254 2255 316 2312 hoc
334 2265 380 2310 εει
393 2257 576 2324 mandatum,
595 2257 655 2310 imo
665 2251 730 2310 hoc
743 2255 822 2326 ipso,
840 2271 901 2326 quo
914 2247 975 2310 n'on
988 2265 1129 2310 estinan.

60 2343 185 2405 darum,
212 2363 281 2400 vere
306 2357 351 2402 εει
374 2346 568 2420 prohibitum.
604 2345 683 2421 Quin
704 2363 766 2402 non
788 2345 860 2403 licet
884 2345 1039 2400 hominem
1057 2363 1127 2403 εεεε
1178 2341 1181 2349 ’

59 2451 171 2503 regere
196 2453 287 2508 cupre
310 2453 360 2504 se,
385 2437 435 2490 nbi
460 2437 555 2493 solius'
574 2438 634 2494 Dei
658 2445 703 2492 εει
725 2451 848 2505 regere,
873 2435 934 2490 hoc
959 2437 1039 2497 enim
1059 2437 1128 2506 ipso
1206 2441 1210 2449 “

59 2536 181 2594 arrogat
205 2527 261 2581 sibi
288 2528 392 2582 sedem
415 2528 475 2582 Dei
500 2543 570 2582 cum
595 2527 758 2592 Lucifero,
787 2537 817 2582 et
844 2541 914 2580 ctnn
941 2527 1037 2580 Adam
1062 2528 1128 2582 vult

57 2618 196 2695 aequ3lis
215 2632 281 2672 εεεε
297 2617 381 2673 Deo.
415 2617 483 2674 Hoc
501 2628 565 2687 est,
588 2619 670 2690 qu'od
687 2620 716 2674 in
733 2618 846 2685 Mose,
872 2616 924 2670 ubi
942 2631 976 2668 en
994 2615 1056 2670 fieri
1075 2615 1127 2670 de.
1150 2605 1153 2612 ’
1178 2664 1181 2676 ,

56 2707 152 2774 beot,
172 2724 248 2778 quae
266 2708 301 2761 ad
317 2699 421 2778 Derim
439 2708 604 2780 pertinent,
622 2709 710 2764 toties
727 2707 958 2773 verbosissime,
976 2706 1030 2762 sed
1044 2721 1126 2760 sum.

54 2813 108 2856 ma
125 2798 514 2870 necessitaterepetnntur:
533 2791 676 2854 Meuius
692 2804 740 2852 est
756 2797 933 2866 Dominus,
952 2796 1038 2851 dixit
1051 2795 1124 2854 Do.

53 2887 187 2956 aaran,
210 2887 258 2944 sio
272 2889 438 2961 praecepit
454 2887 632 2954 Dominus,
659 2886 704 2942 sic
721 2880 749 2950 i)
765 2887 940 2942 ntandanir
949 2888 1123 2946 Dominus.
1167 2944 1169 2950 ,
1247 2942 1250 2953 ,

53 3067 156 3124 Dent.
176 3069 250 3126 xit.
267 3069 390 3126 dicitur:
409 3069 487 3125 Non
494 3067 611 3139 ¹facins
628 3065 769 3122 Domino
787 3066 857 3124 Deo
874 3075 945 3137 tuo,
962 3070 1050 3144 quod
1063 3069 1122 3128 tibi

52 3167 183 3215 rectum
200 3139 334 3216 ridetur.
351 3153 379 3226 ⁶)
413 3161 460 3215 Sic
479 3159 586 3220 Nadab
603 3170 633 3214 et
649 3157 752 3214 Abihu
767 3161 865 3231 exorti
883 3170 952 3214 sunt
964 3161 1035 3228 igne
1054 3160 1122 3216 Do.

52 3251 149 3318 mini,
174 3251 258 3327 nullo
283 3263 409 3321 prorsus
433 3237 576 3320 peccato,
600 3249 658 3304 nioi
682 3250 764 3322 quod
788 3249 935 3322 optimum
960 3263 1037 3319 opus
1058 3269 1122 3308 non

51 3341 258 3416 praecipiente
272 3341 429 3409 Domino,
446 3351 479 3396 ut
495 3339 590 3396 Mose
607 3339 725 3407 scribit,
742 3343 890 3395 fecerunt.
923 3337 965 3393 Et
982 3339 1054 3409 quid
1073 3351 1121 3400 εει

50 3426 198 3488 θείνειεε
213 3431 396 3505 Prophetia,
414 3431 467 3486 sed
485 3442 515 3486 et
532 3441 594 3486 tota
610 3432 776 3502 Scriptura,
793 3445 884 3502 quom
900 3445 938 3482 ne
955 3429 1120 3503 quicquam

51 3526 127 3580 boni
147 3524 410 3590 iaciamus-coram
425 3521 517 3591 Deo,
535 3522 599 3578 eine
617 3531 702 3576 certo
719 3521 855 3602 mandato
873 3519 958 3575 Dei?

104 3699 126 3742 1)
146 3693 208 3740 vtt.
227 3693 274 3740 hic.
324 3695 347 3745 2)
368 3693 427 3739 vtt.
447 3693 507 3738 fiunt
524 3690 732 3738 indiscriminatim
749 3693 797 3735 iarn
816 3701 829 3736 ι
846 3691 892 3748 piis
910 3700 1012 3748 qnam]
1025 3690 1114 3748 inpiis.

48 3771 73 3821 3>
94 3767 157 3813 Vir.
176 3768 281 3813 docente
296 3766 393 3812 Christo
407 3765 493 3812 Maiih.
508 3766 537 3812 V.
586 3767 609 3817 4)
628 3764 685 3808 vit.
701 3761 794 3810 loruiut
809 3769 845 3810 εει
859 3763 944 3820 Dein,
959 3763 1017 3809 item
1031 3775 1112 3820 praec.

49 3841 386 3898 Dou.‚dix.Dom.,iiem.
427 3842 450 3890 5)
464 3838 643 3897 vit-Quin.
685 3841 708 3886 6)
723 3837 895 3896 Vii.†Qnesi
909 3838 1113 3886 ἀίεειειεΡιιὶιε

49 3915 169 3962 inferiori
182 3919 240 3971 too,
255 3915 317 3972 qnod
332 3915 375 3966 tihi
387 3917 480 3960 rectum
489 3913 599 3964 videtur.
613 3912 713 3958 sednon
722 3910 827 3958 Doruino
837 3912 973 3969 superiori,
987 3913 1036 3960 imo
1046 3912 1111 3966 rinno

49 3989 186 4038 Douionrn
199 3987 243 4035 tibi
257 3989 353 4042 sarcre,
367 3987 431 4046 quod
444 3986 489 4034 ribi
502 3989 594 4032 rectum
608 3985 711 4047 ridetur.
961 3983 966 3988 '

1120 3646 1125 3656 '
1200 3665 1215 3704 κ
