2736 4564
251 251 297 327 'at
359 255 360 261 ‘
574 237 578 252 ’
672 225 675 232 ’
744 257 837 324 isat.

255 417 433 492 postulavit,
449 429 483 476 ut
500 419 682 493 explicarem
699 419 882 489 evangelium
900 417 999 484 idem,
1018 426 1052 473 ut
1068 415 1211 484 liaberet,
1232 415 1303 498 quod

254 513 376 580 grisaeis
393 511 439 582 (i)
457 512 520 568 istis
537 511 707 568 Pharisaeis
726 521 754 566 et
770 509 935 582 hypocritis
955 510 1164 580 responderet,
1189 509 1239 579 qui
1260 527 1303 562 ve.

252 601 297 655 lut
314 603 500 672 praeventuri
519 618 618 656 meum
635 603 673 656 de
690 600 888 664 confessione
898 597 1028 653 libellum
1038 637 1047 664 ‚
1072 597 1133 652 hoc
1159 599 1303 667 evangelio

253 693 382 748 animum
399 693 545 766 Principis
562 707 780 766 praeoccupare
804 700 833 746 et
856 699 988 745 avertere
1011 689 1191 744 moliuntur:
1216 691 1303 744 audie.

253 794 323 838 runt
341 783 435 850 enim,
453 785 511 840 sub
528 785 634 840 incude
652 801 719 839 esse
738 767 909 837 sermonem
928 782 964 834 de
982 771 1181 836 confessione.

283 897 286 908 ·
308 871 425 945 {taque
443 875 518 927 'eum
537 871 567 938 ⁴)
591 874 678 928 ad‘te
702 872 880 926 mittendum
906 871 1023 937 curavi,
1047 869 1104 924 hac
1126 870 1253 950 mtione,
1276 879 1303 923 ut

260 979 382 1017 curares
404 965 494 1017 aliena
512 972 540 1016 et
557 963 634 1017 bona
652 979 740 1016 manu
758 961 884 1016 describi
903 961 1054 1029 diligenter
1061 1000 1070 1026 ‚
1092 976 1161 1014 cum
1180 971 1211 1014 et
1228 961 1302 1031 copia

254 1063 289 1110 et
301 1055 363 1108 otio
380 1055 553 1124 hujusmodi
571 1070 677 1130 manus
695 1053 847 1120 abundes,
870 1062 899 1107 et
914 1067 979 1106 mea
997 1037 1102 1105 manus
1121 1051 1243 1106 celanda
1264 1053 1303 1105 sit.
1332 1061 1334 1064 ·

252 1145 358 1218 ltaque
374 1145 445 1200 mihi
463 1161 560 1202 meam
577 1161 698 1201 manum
716 1145 848 1211 remitte,
875 1161 945 1201 cum
970 1143 1046 1198 aliud
1071 1144 1227 1214 exemplar
1250 1159 1303 1198 non

251 1235 398 1305 habeam,
423 1247 453 1292 et
476 1236 548 1292 nulli
577 1236 658 1291 alteri
687 1237 757 1292 tradi
783 1235 913 1307 potuerit
938 1235 974 1290 ad
1000 1233 1251 1302 describendum,
1272 1251 1305 1288 ne

235 1305 242 1338 ⁶
250 1328 398 1400 proderet·
414 1345 479 1397 ego.
840 1375 842 1382 ,
858 1399 863 1407 ¹
1085 1387 1086 1391 ἵ

237 1479 242 1488 ,
318 1417 360 1472 Et
384 1435 552 1493 quanquam
571 1435 639 1472 eum
657 1417 759 1476 locum
776 1419 804 1474 in
821 1415 921 1472 libello
940 1417 976 1471 de
993 1417 1184 1472 confessione
1206 1427 1304 1472 tracta.

251 1507 327 1573 rim,
351 1515 450 1562 tamen
475 1508 514 1562 ita
532 1509 781 1572 contemnebam,
805 1518 838 1562 ut
855 1507 1003 1578 superflua
1020 1507 1171 1581 videretur
1188 1508 1303 1577 diligens

253 1597 428 1651 confutatio.
461 1595 534 1667 Non
561 1599 638 1652 enim
665 1597 824 1652 credebam
849 1595 926 1652 ullos
950 1605 1010 1652 tam
1035 1612 1170 1664 crassos,
1196 1599 1247 1668 qui
1270 1612 1303 1650 ex

251 1683 314 1744 hoc
336 1686 407 1740 loco
424 1685 642 1742 confessionem
661 1686 740 1740 serio
759 1685 938 1741 adstructuri
964 1695 1072 1742 essent.
1107 1686 1239 1740 Proinde
1261 1686 1303 1740 hic

115 1785 119 1794 ’
172 1819 175 1833 .
253 1774 462 1843 et'·diligenter
484 1785 514 1830 et
539 1776 661 1844 copiose
688 1775 789 1829 locum
814 1775 952 1850 tractavi,
978 1785 1007 1828 et
1032 1775 1304 1833 insaniam'eoruru

250 1867 409 1921 confutavi.
445 1864 535 1940 Quod
554 1866 578 1920 si
596 1864 805 1920 excudendum
822 1873 854 1918 tu
866 1863 1022 1934 judicaris,
1039 1881 1206 1935 praepones
1220 1865 1303 1932 hauc,

251 1973 340 2027 quam
366 1957 456 2028 adjeci
482 1955 693 2030 praefationem
717 1955 905 2026 inscriptam,
934 1957 958 2009 si
983 1955 1029 2008 cui
1056 1955 1162 2022 voles,
1186 1958 1302 2010 nomine

249 2061 338 2126 meo,
364 2047 412 2101 vel
438 2045 595 2115 Hugbaldo
619 2039 776 2114 Einsidel,
794 2035 848 2100 'vel
872 2046 919 2100 cui
945 2045 1043 2102 visum
1067 2045 1122 2113 sit,
1150 2047 1245 2102 modo
1270 2063 1301 2100 ue

248 2135 390 2206 Principi.
424 2135 513 2190 Vides
532 2151 662 2191 causam.
988 2157 990 2164 ·

226 2297 234 2302 -
315 2223 382 2293 Ego
401 2226 479 2278 enim
497 2239 564 2278 enm
582 2225 689 2280 excudi
704 2234 822 2296 paterer
838 2225 898 2282 lice
915 2224 1104 2298 potissimum
1114 2225 1302 2292 nornine,nt

216 2323 219 2330 ’
251 2316 381 2369 eerrnoni
408 2315 443 2368 de
469 2315 658 2370 confessione
683 2315 908 2386 suffragaretur,
936 2328 998 2371 tum
1024 2318 1104 2388 qnod
1130 2303 1303 2372 christianae

249 2406 293 2459 rei
310 2405 403 2479 ferme
420 2421 567 2461 summam
586 2407 815 2476 complectatur,
833 2417 861 2462 et
878 2407 992 2462 abunde
1012 2408 1099 2462 vitam
1117 2407 1235 2476 pietatis
1252 2409 1304 2461 for.

249 2505 329 2560 met,
347 2514 408 2567 quo
426 2506 456 2550 et
473 2497 661 2568 p‘raegustum
680 2497 869 2553 Postillarum
887 2499 1045 2552 deliberent
1063 2498 1218 2554 Gennani.
1254 2499 1305 2551 Ad.

244 2587 407 2657 jecissem,
433 2587 515 2658 quod
540 2585 694 2657 Philippus
714 2588 741 2641 in
759 2605 897 2642 sermone
915 2588 1073 2644 desideret:
1100 2589 1151 2642 sed
1178 2590 1307 2644 nondum

251 2691 373 2750 possum
392 2675 553 2745 intelligere
571 2677 640 2748 quid
659 2677 812 2732 desideret.
839 2679 867 2732 Si
885 2689 981 2734 autem
1000 2679 1108 2732 excudi
1125 2692 1185 2732 non
1201 2681 1305 2748 piacet:

253 2767 465 2844 praefationem
483 2767 512 2824 in
530 2767 695 2840 spongiam,
714 2778 744 2826 et
760 2767 891 2840 Principi
909 2767 1037 2822 lohanni
1054 2767 1222 2838 reliquum:
1236 2767 1306 2832 ,mihi

172 2837 179 2848 ⁴
250 2842 348 2910 meam
367 2871 486 2912 manum
504 2854 669 2916 distribues.
690 2854 734 2918 ”l

319 2945 407 3020 Quae
423 2947 545 3002 luserint
564 2947 746 3012 Parisienses
772 2933 800 3002 in
822 2963 894 3002 suos
920 2936 1067 3019 sophistas
1085 2965 1154 3004 meo
1171 2949 1308 3014 nomine,

253 3037 370 3092 audisse
396 3038 543 3095 tecredo.
577 3039 735 3094 Contemni
761 3039 860 3109 incipit
883 3037 945 3092 boc
966 3039 1168 3094 sacerdotium
1192 3041 1262 3096 Bnal
1285 3049 1309 3093 et

175 3145 184 3166 ‘
252 3127 392 3197 Phegcr‚
421 3128 609 3183 maledictum
637 3145 651 3182 a
681 3112 816 3183 Domino
846 3145 901 3199 per
927 3145 963 3184 os
991 3129 1087 3185 Pauli.
1131 3129 1307 3186 Benedictus

251 3217 351 3274 Deus.
386 3215 426 3307 Et
443 3217 524 3289 quod
541 3217 622 3288 Papa
641 3235 709 3274 eum
729 3217 854 3273 Caesare
871 3219 1033 3287 consultat,
1062 3219 1194 3275 nondum
1222 3233 1308 3276 matu

164 3377 167 3389 Ι
256 3308 331 3367 ruit:
357 3319 515 3380 utrumque
533 3309 609 3362 ducit
627 3309 736 3376 Dens,
752 3310 839 3364 sicuti
861 3321 1028 3379 merentur,
1054 3321 1084 3365 et
1101 3328 1161 3382 quo
1187 3311 1308 3366 ducendi

253 3407 340 3454 sunta
356 3399 407 3452 sed
425 3400 540 3454 interim
558 3399 586 3454 id
604 3415 665 3453 non
682 3397 827 3468 cogitant,
845 3399 941 3454 donee
956 3400 1162 3471 compleantur
1179 3401 1308 3473 iniquita.

252 3473 300 3544 tes
319 3494 563 3544 Amorraeurum.
597 3489 663 3558 Ego
681 3489 795 3557 gaudeo
812 3491 945 3548 etfareo
965 3491 1083 3546 Caesari
1100 3491 1178 3546 hanc
1196 3493 1309 3551 felicita.

255 3587 336 3644 tem,
357 3579 408 3632 sed
426 3593 546 3651 propter
560 3582 732 3648 mysterium
751 3579 821 3637 Dei.
855 3581 945 3647 Vale,
971 3591 999 3635 et
1016 3597 1066 3636 era
1084 3599 1140 3653 pru
1158 3599 1222 3640 mc.
1243 3571 1309 3638 =Die

256 3668 425 3740 hucperti,
443 3687 520 3726 auno
539 3668 713 3726 MDXXI.

806 3733 955 3792 Martinus
971 3735 1120 3795 Luthents
1129 3777 1139 3806 ,
1155 3739 1282 3810 August.

254 3828 783 3853 ..,...................-.........

308 3899 333 3948 *t
349 3895 455 3946 trinua
468 3896 509 3942 bal
522 3897 680 3950 ornaturum
693 3905 738 3944 aaa
752 3897 793 3944 tra
808 3901 831 3946 tu
844 3887 999 3957 iristitiam.
1041 3879 1045 3887 ⁴

306 3971 345 4024 ”l
358 3971 393 4022 ts.
406 3969 427 4024 l·
442 3967 488 4020 mit
500 3969 563 4022 toltit
576 3971 605 4022 tu
619 3969 693 4020 utatur
706 3968 850 4030 saparante
863 3971 948 4023 uttttr
965 3972 1066 4026 turrea.
