2736 4564
218 269 264 339 db
714 273 805 338 1521.

284 433 423 490 Accessit
446 438 476 488 et
499 431 628 488 atrocius
645 435 839 503 mysterium,
868 445 937 490 cum
954 444 1020 484 mee
1037 443 1129 514 spere
1146 427 1287 499 lepuscu-

218 521 280 580 lum
298 539 503 580 servassemus
521 525 621 579 vivum
649 533 679 578 et
696 524 769 578 intra
787 521 935 576 manicam
952 535 1035 574 meae
1052 522 1170 574 tunicae
1190 518 1288 574 invol-

218 613 352 681 vissem,
372 631 413 668 ac
430 615 549 686 paulum
567 614 790 668 discessissem:
819 613 935 666 interim
952 626 1040 666 canes
1059 604 1215 666 inventum
1231 609 1290 662 mi.

218 719 321 758 cerum
338 703 472 776 leporem
490 719 544 773 per
560 702 688 756 tunicum
704 703 797 756 fracto
816 702 882 772 ejus
905 717 992 754 crure
1010 699 1118 754 dextro
1145 707 1176 752 et
1192 697 1290 752 suffo-

218 803 284 855 cato
307 799 426 862 gutture
452 795 653 848 extinxerunt.
689 793 805 847 Scilicet
828 793 872 845 sic
899 789 994 846 suevit
1011 790 1093 860 Papa
1122 798 1154 842 et
1179 789 1289 850 Satan.

218 891 252 938 ut
267 894 399 938 servatas
414 884 503 938 etiem
521 883 633 938 animas
651 883 777 954 perdat,
796 881 869 938 nihil'
884 887 1016 935 moratus
1033 895 1131 933 meam
1150 891 1291 954 operum.

142 1041 145 1057 ‚
181 1007 189 1028 ι
237 977 245 984 ”
284 973 427 1044 Denique
452 983 533 1028 satur
557 989 624 1029 sum
649 975 715 1044 ejus
739 973 920 1028 venationis:
951 971 1114 1026 dulciorem
1138 969 1290 1036 arbitror,

219 1080 277 1136 qua
289 1065 397 1134 jaculis
416 1074 446 1119 et
463 1065 572 1136 sagittis
589 1061 668 1130 ursi,
699 1063 775 1134 lupi,
793 1063 871 1135 apri,
895 1059 1001 1132 vulpes
1020 1072 1048 1115 et
1064 1061 1093 1115 id
1111 1075 1207 1130 genus
1224 1075 1292 1116 mu.

178 1163 179 1168 ’
218 1155 379 1225 gistratum
406 1153 565 1226 impiorum
591 1153 812 1210 coniodiuntur.
853 1153 971 1207 Solatur
992 1161 1090 1206 tamen
1108 1167 1175 1218 me,
1202 1151 1291 1222 quod

218 1243 391 1314 proximruu
416 1245 516 1298 selrrtis
540 1251 585 1298 est
608 1244 805 1315 mysterium,
829 1231 949 1314 lepores
972 1251 1001 1296 et
1018 1229 1156 1296 innoxias
1174 1239 1291 1296 bestias

219 1331 255 1386 ab
273 1331 397 1388 bomine
415 1334 498 1406 capi,
522 1323 611 1407 quam
629 1332 665 1386 ab
683 1335 779 1401 ursis,
802 1333 902 1404 lupis,
919 1343 949 1387 et
964 1332 1123 1404 rapacibus
1141 1332 1293 1404 accipitri.

218 1421 293 1492 bus,
311 1433 340 1478 et
357 1423 499 1478 similibus
517 1424 667 1496 episcopis
684 1435 713 1485 ¹et
730 1422 896 1494 thenlogis:
915 1425 997 1495 quod
1014 1423 1064 1478 bic
1078 1425 1114 1478 sd
1126 1424 1291 1491 infernum,

217 1513 277 1568 illic
294 1513 328 1568 ad
346 1497 463 1570 coelum
482 1513 618 1570 devorari
635 1513 847 1583 significentur.
922 1521 923 1526 ’

177 1599 179 1602 ’
284 1603 367 1658 Haec
390 1605 434 1660 sic
459 1619 513 1676 per
538 1604 636 1660 literas
661 1604 698 1660 ad
721 1615 751 1659 te
774 1603 927 1670 luserim,
947 1611 983 1660 ut
998 1603 1074 1664 scias
1090 1619 1147 1660 vos
1166 1603 1288 1660 aulicos

219 1693 399 1750 ferivoraces
416 1694 480 1747 fore
498 1693 586 1748 etiam
603 1695 680 1748 feras
698 1693 728 1748 in
745 1692 885 1748 Paradiso
895 1731 904 1758 ,
930 1707 1005 1766 quas
1021 1692 1074 1750 vix
1091 1695 1184 1748 multa
1202 1695 1291 1750 indu.

218 1783 289 1839 stria
306 1783 400 1856 capiat
417 1793 446 1837 et
463 1793 565 1837 servet
582 1782 719 1837 Christus
737 1783 864 1854 optimus
881 1790 1019 1838 venator:
1051 1782 1137 1838 vobis
1153 1784 1288 1852 luditur,

221 1871 291 1928 dnm
311 1875 340 1932 in
357 1873 513 1928 venatione
530 1888 587 1950 vos
606 1869 715 1926 luditis.

283 1963 401 2018 Mutavi
418 1953 640 2028 consilium,'et
657 1961 739 2016 mitto
757 1961 868 2034 relique
883 1963 1080 2034 postillarum,
1096 1965 1243 2034 cogitans,
1262 1964 1290 2020 si

216 2051 293 2108 forte
310 2065 451 2124 coeptum
467 2053 505 2108 sit
522 2052 631 2106 excudi
648 2051 677 2104 id
694 2053 775 2124 quod
793 2054 873 2124 prius
887 2055 1040 2120 miseram,
1057 2063 1090 2108 ut
1106 2053 1218 2110 differri
1237 2064 1292 2112 aut

220 2143 348 2198 inhiberi
372 2161 433 2198 non
459 2144 562 2214 possit.
594 2142 712 2196 Vellem
735 2152 831 2196 autem
849 2144 958 2198 excudi
983 2145 1013 2200 in
1030 2143 1165 2198 cubitalis
1182 2147 1292 2218 papyri

123 2297 130 2310 ι
217 2227 345 2300 modum
369 2245 400 2286 et
415 2231 551 2286 Lottheri
577 2235 684 2302 typis,
700 2231 767 2303 quia
789 2249 913 2302 maguus
938 2237 993 2288 erit
1020 2233 1103 2304 liber.
1137 2235 1288 2291 Dividam

219 2333 320 2377 autem
336 2323 451 2390 cumin
469 2332 598 2394 quatuor
615 2321 682 2376 anni
701 2313 819 2394 parles,
837 2312 873 2376 de
891 2323 1055 2395 angariarin
1072 2328 1239 2395 angurium:
1256 2337 1293 2383 ut

222 2413 261 2468 sit
278 2429 340 2468 non
357 2413 444 2468 nimis
462 2425 609 2468 onerosus
627 2421 657 2465 et
675 2424 861 2470 sumtuosus.

290 2503 349 2560 Sed
366 2504 474 2558 frustra
489 2502 567 2557 baec
585 2497 666 2570 uolo,
685 2519 756 2558 cum
773 2523 834 2560 non
851 2505 932 2578 quod
951 2521 1006 2575 ego
1020 2505 1120 2574 velim,
1138 2508 1190 2563 sed
1202 2509 1292 2580 quod

221 2593 314 2664 egitur
336 2593 414 2660 illic,
440 2591 504 2648 deri
528 2595 635 2664 possit:
661 2594 806 2666 quicquid
827 2585 900 2650 vero
924 2595 957 2650 fit
976 2598 1025 2652 vel
1041 2615 1102 2652 non
1121 2598 1170 2666 iit,
1196 2615 1292 2668 cura,

222 2684 370 2752 obsecro,
395 2694 429 2740 ut
445 2683 525 2742 bolla
543 2683 599 2740 fide
617 2685 821 2740 custodientur
837 2687 891 2744 ista
908 2701 1014 2742 manus
1033 2703 1116 2742 meae
1134 2691 1292 2760 exempla.

220 2775 285 2843 ria,
302 2785 353 2830 aut
370 2775 408 2829 ad
422 2765 474 2828 me'
487 2775 684 2832 remittuntur.
717 2775 818 2843 Novi,
837 2777 903 2847 quis
921 2778 964 2832 eis
982 2778 1137 2834 insidietur
1153 2779 1290 2837 Satanas.

221 2863 345 2932 Miror,
363 2879 437 2918 anne
453 2881 555 2919 meum
573 2861 748 2934 Magnificat
765 2865 921 2936 aliquando
940 2867 1111 2924 absolutum
1129 2871 1177 2924 sit.
1212 2869 1291 2928 Vale

223 2967 254 3012 et
283 2971 336 3010 ora
363 2973 419 3026 pro
444 2971 504 3011 mc.
547 2956 596 3010 Ad
625 2957 733 3010 festum
766 2957 969 3014 Assumtionis
996 2957 1173 3028 Marianae,
1207 2977 1291 3020 anno

147 3049 153 3072 '
222 3035 381 3130 bem.
1004 3113 1006 3118 .

919 3139 1071 3198 Martinus
1087 3143 1257 3203 Lutberus.

167 3519 171 3526 ι
258 3436 284 3492 s.
302 3429 523 3500 sitienter.
612 3405 618 3426 ⁸
961 3434 1014 3492 No.
1033 3399 1257 3513 cccxxx'vr.

575 3581 623 3651 ltu
646 3582 939 3663 stricturum.

279 3741 302 3790 ε
322 3735 373 3793 icit
389 3740 450 3790 tetur
465 3740 585 3796 metrum
604 3739 659 3788 ilar
676 3743 711 3788 lla
726 3743 921 3798 minusculum
941 3747 988 3794 unt
1007 3747 1042 3794 rte
1056 3747 1140 3799 sinte
1160 3750 1233 3798 nibet
1244 3753 1289 3801 tm

132 3839 133 3846 κ
231 3814 286 3863 neit
300 3815 379 3870 sets,
402 3815 427 3860 ln
440 3815 573 3869 mulctant
592 3817 635 3868 aut
646 3816 696 3864 elac
709 3816 803 3870 &brist
816 3819 1013 3876 metandtianls
1033 3821 1090 3871 tlitt
1102 3824 1143 3871 lm
1157 3826 1228 3880 entra
1242 3829 1289 3879 θα

230 3876 336 3945 centini
350 3887 425 3942 trahet
437 3899 461 3937 tr
473 3888 662 3951 bltrutlnstar.

946 4035 1041 4074 ’ὅ

1002 4077 1041 4108 m·
