2736 4564
245 321 267 392 t
503 272 505 282 ’
617 371 621 378 .
725 321 869 384 arat.x

260 509 262 516 ¹
312 477 385 541 Heri
404 436 478 536 miti't
502 486 649 537 narratum
673 487 718 534 ast
732 470 779 548 ⁴),
808 473 926 536 Gothae
952 463 1118 555 esse'rnnie
1143 472 1302 544 acceptum

246 572 393 644 quendam
412 572 613 639 sacerdotem,
631 569 712 642 quod
730 585 795 635 res,
813 568 914 625 nescio
933 560 1024 640 quas,
1050 555 1219 632 emerint⁵>¹
1242 583 1303 637 pro

245 661 386 720 reditibus
399 661 550 718 Ecclesiae
567 649 726 733 augendis,
744 649 773 714 et
789 665 924 730 pretexta
940 658 1073 714 libertate
1091 657 1303 722 ecclesiastica,

245 767 337 810 onera
354 752 446 824 (quae
463 752 588 818 vocant>
614 761 642 806 et
667 745 776 807 tributa
801 749 929 820 pendere
952 747 1124 838 recusarint.
1157 744 1305 802 Videmus

243 842 390 916 populum
407 841 530 914 amplius
546 859 644 914 neque
663 857 753 913 posse
771 857 867 912 neque
893 839 968 896 velle
993 821 1138 908 (sicut'at
1153 836 1305 894 Erasmus

118 987 121 996 ,
242 933 346 990 scribit
369 933 399 988 in
414 947 469 988 aua
484 933 553 987 bule
569 924 596 1000 ⁶)
614 933 719 1003 jugum
741 929 839 1003 Papae
865 927 1097 1003 elpapistarum
1120 927 1213 986 serre:
1242 943 1306 982 nec

155 1005 159 1015 ’
243 1031 342 1078 tamen
367 1037 517 1078 cessamus
544 1033 649 1093 urgere
678 1033 706 1078 et
731 1039 890 1092 aggravare
915 1022 1027 1087 istum,
1055 1035 1126 1074 curn
1149 1019 1303 1075 revelante

243 1113 342 1169 omnia
359 1113 499 1185 lucejam
517 1121 545 1169 et
560 1129 671 1169 nornen
695 1122 722 1168 et
740 1110 911 1184 opinionem
928 1109 1112 1166 amiserimus
1123 1103 1149 1176 ⁷)
1171 1110 1306 1181 species.

243 1211 301 1276 que
318 1197 344 1271 ³)
367 1205 413 1258 illa
431 1205 544 1276 pietatis
562 1207 687 1276 amplius
703 1221 765 1258 non
782 1201 875 1276 possit
890 1203 987 1258 valere
994 1242 1004 1270 ,
1006 1219 1117 1275 meque
1136 1217 1259 1270 regnare
1272 1191 1303 1266 ⁹)

226 1296 319 1348 'sicut
332 1293 474 1349 hactenus
492 1296 634 1364 regnavit.
668 1293 818 1352 Hactenus
840 1293 938 1350 omnia
951 1290 987 1362 ¹⁰)
1006 1303 1036 1349 ct
1053 1292 1081 1345 vi
1098 1293 1256 1360 auximus,
1272 1301 1305 1345 et

154 1421 156 1428 ι
243 1383 272 1440 vi
290 1383 517 1456 oppressimus:
535 1385 587 1438 sed
605 1401 641 1438 an
658 1384 733 1438 ultra
751 1383 877 1456 opprimi
895 1393 1021 1456 queant,
1037 1383 1236 1455 experiemur.
1272 1451 1277 1456 ι

308 1473 376 1546 Ego
394 1475 510 1530 otiosus
535 1473 586 1529 hio
603 1485 633 1530 et
649 1475 822 1547 crapulosus
838 1474 876 1542 ¹¹)
901 1476 990 1529 sedeo
1008 1483 1067 1530 tota
1085 1475 1146 1528 die:
1172 1471 1304 1528 Biblimn

155 1555 159 1560 ’
244 1563 392 1625 Graecam
409 1575 440 1625 et
450 1563 616 1621 Hebraeum
628 1566 705 1634 lego.
739 1565 870 1620 Scribam
883 1579 1051 1620 sermonem
1063 1564 1253 1620 vernaculum
1261 1565 1304 1626 ¹²)

243 1655 281 1711 de
311 1657 505 1714 confessionis
533 1658 701 1713 clancularia
726 1656 878 1711 libertate:
912 1655 1089 1712 Psalterium
1115 1655 1201 1709 etiam
1230 1669 1304 1725 pro.

242 1761 365 1818 sequar,
384 1757 413 1802 et
429 1747 580 1816 Postillas,
596 1747 647 1802 ubi
662 1765 679 1802 e
692 1746 909 1816 Wittembergn
926 1761 1086 1824 accepero,
1100 1745 1208 1819 quibus
1222 1761 1303 1818 opus

132 1883 137 1890 .
238 1835 358 1905 habeo,
375 1839 450 1896 inter
465 1855 541 1911 quac
559 1849 589 1894 et
605 1837 778 1908 Magnificat
795 1837 966 1893 inchoatum
982 1836 1021 1904 13)
1038 1847 1176 1907 expecto.

307 1928 381 1984 Non
399 1931 522 1997 credas,
539 1939 646 2002 quanta
663 1946 719 2005 nos
736 1929 913 1986 humanitate
934 1929 1036 1984 Abbas
1053 1929 1226 1984 Hirsfeldius
1242 1945 1302 1984 ex.

175 2023 178 2032 '
241 2019 362 2102 ceperit.
404 2022 618 2080 cancellarium
644 2031 673 2076 et
695 2031 885 2094 quaestorem
913 2020 1031 2077 obviam
1060 2021 1138 2078 misit
1160 2021 1301 2077 milliario

240 2123 368 2184 magno,
385 2120 449 2166 tum
467 2109 530 2182 ipse
547 2113 583 2166 ad
600 2123 731 2167 castrum
747 2127 833 2167 suurn
851 2111 951 2166 multis
969 2111 1115 2186 equitibus
1141 2129 1197 2167 nos
1214 2112 1302 2166 cxci.

216 2259 220 2271 ,
238 2199 324 2270 piens
342 2201 372 2255 in
389 2201 529 2272 oppidum
547 2215 650 2258 comes
667 2201 729 2258 suit.
765 2203 888 2258 Senatus
907 2203 981 2257 intra
999 2211 1099 2274 portas
1114 2196 1151 2269 ¹⁴)
1168 2218 1224 2258 nos
1240 2217 1307 2278 ears

239 2287 328 2360 cepit.
364 2291 400 2345 In
416 2293 595 2374 monasterio
612 2309 667 2348 suo
685 2307 741 2348 nos
759 2295 839 2365 parit
855 2293 951 2363 laute,
975 2307 1005 2352 et
1022 2296 1050 2350 in
1068 2293 1157 2350 cubili
1172 2309 1227 2349 suo
1245 2309 1300 2364 ms
1366 2347 1367 2350 ,

238 2379 359 2436 locavit.
393 2381 486 2441 Mane
511 2375 608 2464 quinta
634 2400 804 2442 sermonem
827 2387 924 2442 iacere
941 2397 1085 2462 cogorunt
1100 2377 1158 2454 ¹⁵),
1186 2387 1300 2440 trustra

237 2485 289 2525 me
306 2481 443 2546 causante
453 2469 507 2541 ¹⁶),
527 2491 564 2530 ne
580 2476 657 2533 forte
674 2493 733 2532 sua·
745 2477 849 2546 regalia
867 2476 1026 2546 amitteret,
1049 2479 1075 2534 si
1098 2475 1161 2532 hoo
1184 2478 1300 2532 iactum

239 2559 406 2616 Caesariani
422 2566 573 2634 coeperint
589 2568 773 2638 interpretari
785 2568 895 2624 laesam
908 2567 995 2624 iidem
1008 2568 1123 2635 datam,
1140 2583 1208 2622 cum
1223 2565 1301 2623 mihi

237 2649 425 2721 inhiberent,
441 2671 479 2709 ne
497 2654 525 2709 in
542 2655 588 2710 via
601 2659 810 2726 praedicarem.
843 2659 910 2728 Ego
922 2669 1018 2716 tamen
1033 2677 1093 2718 non
1106 2659 1301 2716 consensisse

131 2753 138 2766 '
211 2813 214 2820 Ι
236 2754 287 2796 me
304 2741 457 2811 dicebam,
475 2753 506 2798 ut
523 2743 648 2802 verbum
667 2747 728 2802 Dei
745 2749 927 2816 alligaretur,
944 2751 1025 2824 quod
1042 2759 1072 2805 et
1087 2765 1190 2805 vertum
1208 2758 1263 2804 est.

305 2831 347 2888 Et
362 2833 674 2906 Isenacipraedicavi,
691 2837 744 2892 sed
763 2839 866 2892 tirnitlo
884 2839 1019 2910 parocho
1037 2849 1066 2896 et
1082 2840 1199 2896 notario
1216 2839 1302 2896 testi.

150 2943 154 2949 ¹
235 2918 353 2994 busque
371 2927 576 2994 praesentibus
601 2943 704 2982 coram
728 2943 777 2983 me
795 2939 996 3001 protestante,
1018 2929 1170 2986 humiliter
1193 2941 1300 2987 tannen
1362 2973 1363 2990 r

237 3023 401 3068 excusante
424 3017 627 3071 necessitatem
650 3017 728 3072 hanc
751 3019 792 3076 ob
815 3029 927 3075 metum
950 3030 1142 3093 tyrannorum
1159 3035 1299 3080 suorum.

140 3148 144 3155 .
236 3100 280 3158 Ita
298 3113 327 3158 et
345 3105 528 3162 Wormatiae
552 3107 746 3166 lorte‘audies
773 3125 826 3181 per
841 3111 916 3166 haec
939 3128 955 3165 a
972 3127 1021 3168 me
1038 3111 1167 3168 solutam
1193 3109 1299 3180 tuem,

235 3191 289 3247 sed
313 3209 373 3248 non
397 3204 444 3250 est
460 3197 567 3251 soluta.
603 3196 639 3252 in
663 3213 729 3254 ntea
746 3200 826 3254 enim
843 3208 989 3272 potestate
1011 3217 1073 3257 non
1091 3212 1205 3258 crates
1222 3217 1300 3258 con.

234 3280 323 3349 ditio,
340 3291 373 3338 ut
389 3285 514 3340 verbum
532 3285 592 3343 Dei
609 3297 689 3343 esset
706 3287 870 3356 alligatum,
895 3305 952 3346 nec
968 3281 1064 3362 pepigi
1082 3291 1111 3347 in
1128 3305 1205 3357 eam,
1222 3301 1253 3346 ct
1270 3293 1298 3348 si

233 3371 429 3443 pepigissent,
445 3375 523 3447 ‚quia
547 3387 649 3436 contra
667 3377 772 3434 Deum
790 3377 891 3435 luisset
901 3419 911 3449 ,
934 3381 1078 3437 servanda
1102 3361 1164 3438 non
1180 3365 1298 3440 ruisset.

281 3558 304 3609 4)
324 3559 383 3606 cod.
397 3559 470 3606 (toth.
489 3559 650 3630 nuntiabatur.
688 3565 712 3615 5)
731 3561 876 3611 coaucta.
892 3565 987 3613 amerit.
1025 3569 1047 3622 6)
1068 3567 1126 3614 cod.
1141 3567 1213 3614 Goth.
1227 3569 1295 3616 uin

232 3641 277 3676 aua
295 3631 357 3678 bule.
406 3633 429 3686 7)
450 3635 508 3680 cod.
533 3635 606 3682 Goth.
634 3648 767 3694 aggravare
790 3651 844 3686 eum
869 3637 1020 3692 repetentem
1041 3643 1092 3695 lam
1116 3641 1176 3690 haec
1199 3643 1292 3691 omnia.

208 3720 211 3740 τ
232 3707 254 3758 8)
269 3704 327 3752 cod.
341 3706 413 3752 ooth,
427 3707 495 3753 Nunc
507 3711 609 3767 aperies.
660 3715 684 3764 9)
696 3713 755 3760 cod.
770 3713 842 3780 Goth.
856 3715 955 3774 pictatis
972 3727 1022 3762 non
1036 3717 1138 3776 amplius
1160 3716 1193 3763 ita
1205 3716 1294 3764 valere

131 3793 137 3807 ·
231 3779 521 3845 nsquevlgerepoteril.
565 3787 597 3839 1ο)
613 3785 671 3831 cod.
685 3789 712 3832 G.
729 3795 753 3832 et
766 3788 820 3834 len.
848 3789 911 3836 odia.
951 3785 1144 3844 tttcoulttoth.
1163 3795 1294 3838 -etcras

232 3850 341 3908 pulosus.
380 3855 413 3907 12)
429 3854 487 3900 cod.
502 3853 574 3904 Goth.
598 3858 740 3906 versionem
760 3863 922 3908 vernaculam.
963 3865 997 3918 13)
1011 3865 1069 3912 Cod.
1085 3867 1111 3912 G.
1130 3869 1156 3912 et
1173 3865 1228 3912 lea.
1255 3865 1312 3916 ln..
1356 3859 1357 3898 l

233 3923 346 4048 :portal
367 3929 401 3984 ur
415 3924 475 3976 coa.
488 3929 560 3978 cou.
581 3931 697 3990 parietes.
738 3935 770 3991 ts)
790 3935 849 3984 ool.
869 3939 895 3985 o.
914 3937 936 3985 J.
962 3939 1055 3996 cossa.
1086 3941 1127 3995 an
1149 3939 1201 3988 coa
1214 3939 1290 3986 uota.

263 4009 334 4046 ΝΜ)
347 4011 370 4050 Q.
764 4025 767 4033 ¹
