2674 4570
531 299 624 369 isar.
997 299 1106 402 *tas

43 453 134 510 merla
151 457 281 530 capient
296 459 331 513 in
344 459 497 530 'irater-itu,
515 460 571 518 nisi
589 471 623 542 tu
640 460 747 518 ethos
762 460 862 518 trulias
879 461 915 514 ael
935 460 1012 514 ditm
1026 448 1123 528 judi.'
1152 448 1157 462 ’

42 546 96 610 cil,
113 547 162 600 vel
180 547 218 602 ad
234 561 420 606 transeuntes
434 551 538 610 monis
557 551 723 624 corporalis
736 553 897 620 angustias.
932 549 1025 620 Igitur
1040 563 1108 604 mea

43 637 188 692 sententia
206 647 272 707 est,
298 640 409 695 incerta
425 641 502 696 haee
526 657 602 696 esse.
636 641 817 704 Verisimile
828 649 949 706 autem,
974 640 1108 710 exceptis

41 727 154 816 paucis,
167 745 273 784 omnes
285 731 416 785 dormire
427 732 624 788 insensibiles.
642 733 690 788 Tu
703 748 782 788 nnnc
795 731 861 786 vide
866 747 937 802 ,qui
930 729 988 784 'illi
1001 731 1109 796 fuerint

41 809 163 887 spiritus
189 817 218 873 in
236 833 375 888 carcere,
401 821 510 892 quibus
528 821 639 878 Petrus
657 820 763 877 scribit
787 837 840 892 per
856 819 1012 875 Christum
1038 835 1107 890 esse

39 907 262 978 praedicatum,
279 927 376 965 annon
389 911 472 966 ettllr
480 911 629 966 donntre
623 929 651 966 tn
669 927 738 968 etun
751 927 858 982 usque
864 910 942 964 diem
956 909 1107 980 poterint?
1164 975 1181 994 ¹,
1224 889 1228 898 ¹

40 996 132 1053 ludas
152 1003 252 1056 autem
270 999 306 1055 de
324 999 484 1058 Sodomitis
502 1001 588 1058 dicit.
609 1001 697 1077 iqrta's
713 1001 838 1060 aeterni
851 1017 991 1074 poenam
1008 999 1108 1056 susti
1149 1063 1152 1074 ,

38 1095 169 1158 nentes,
188 1090 315 1162 loquens
333 1091 370 1146 de
388 1093 559 1163 praesenti.

105 1179 182 1235 Mea
208 1192 309 1238 autem
325 1185 475 1238 sententia
493 1185 528 1238 de
555 1183 728 1254 purgatorio
751 1184 793 1239 sic
810 1179 920 1249 habet,
946 1199 1006 1238 non
1025 1180 1108 1254 quorl

39 1279 161 1324 certum
178 1273 277 1327 locum
297 1271 443 1342 arbitron,
467 1283 501 1328 ut
519 1273 675 1345 Sophistae
693 1273 829 1344 lingunt,
844 1283 892 1329 aut
915 1267 1039 1337 omne‘s,
1057 1267 1108 1342 qui
1159 1315 1162 1322 ,
1189 1317 1191 1324 ,

38 1373 126 1414 extra
144 1361 267 1416 coelum
283 1371 312 1416 et
328 1362 475 1421 infernum
483 1373 619 1432 manent,
637 1365 666 1418 in
686 1364 858 1434 purgatorio
876 1377 943 1418 esse
962 1363 1107 1418 arbitror:

38 1449 108 1520 quis
127 1452 208 1505 enim
226 1450 292 1505 hoc
300 1442 434 1514 asseret?
451 1469 522 1509 oum
530 1447 660 1510 dormire
671 1454 787 1527 possint
804 1437 880 1508 inter
895 1452 1031 1520 coelum,
1048 1463 1108 1507 ter.
1201 1481 1206 1488 ·

37 1557 124 1607 ram,
143 1541 311 1610 infernum,
333 1544 555 1616 purgatorium,
572 1555 601 1598 ct
617 1545 736 1610 omnia,
754 1545 830 1600 sicut
847 1543 1015 1604 viventibus
1034 1559 1108 1598 ron.
1127 1606 1130 1612 .

37 1629 121 1699 tirrgit
140 1631 169 1684 in
185 1632 334 1702 profundo
350 1648 476 1691 somno:
494 1634 547 1689 sed
564 1635 646 1708 quod
665 1649 729 1709 earu
743 1649 954 1705 poenamvesse
969 1633 1106 1701 seutiam,
1122 1683 1127 1702 ,

36 1737 128 1790 quam
143 1731 263 1790 gustum
278 1723 383 1778 interni
396 1722 513 1794 dieunt,
529 1743 587 1798 qua
601 1723 756 1792 Christus,
770 1719 916 1796 Moyses,
935 1723 1085 1779 Abraham
1097 1761 1111 1790 ‚

36 1809 157 1880 Dar'id,
178 1811 288 1878 iacob,
306 1811 380 1882 lob,
398 1810 590 1870 Ezechias'et
607 1815 691 1869 multi
704 1815 751 1870 alli
767 1815 951 1872 laboravere.
968 1814 1014 1876 Ea
1026 1814 1105 1868 enim
1191 1855 1202 1872 -.

36 1919 111 1957 curn
127 1903 167 1958 sit
183 1903 287 1959 similis
305 1901 437 1974 interno,
463 1915 562 1962 tamen
578 1905 772 1978 temporalis,
792 1905 855 1961 sive
873 1917 959 1958 extra
976 1919 1107 1974 corpus,

37 1995 105 2048 sive
123 1993 152 2048 in
170 2011 299 2068 corpore
318 1993 384 2066 fiat,
403 1997 604 2068 purgatorium
617 1996 690 2051 mibi
703 2005 767 2054 est:
786 2013 855 2050 nam
872 1995 960 2050 talem
977 2011 1106 2066 poenam
1189 2039 1194 2050 .

36 2083 197 2140 tribuimus
221 2086 405 2158 purgatorio.
444 2087 521 2140 Cum
546 2095 644 2141 autem
670 2085 699 2140 in
726 2101 856 2157 corpore
882 2095 1050 2150 asseratur,
1078 2091 1107 2138 et

35 2187 120 2228 certa
137 2175 195 2240 sit,
220 2185 306 2230 extra
323 2193 434 2246 corpus
454 2193 576 2250 quoque
593 2176 694 2246 negari
710 2193 772 2232 non
792 2185 911 2246 potest,
936 2190 1106 2246 quanquam

34 2282 94 2320 nec
112 2265 331 2336 demonstrari,
348 2277 379 2322 nt
391 2283 516 2340 prorsus
535 2255 674 2340 quioquid
686 2265 737 2321 hic
749 2265 929 2331 credideriS,
948 2281 1007 2322 non
1026 2281 1106 2320 erra.

36 2356 127 2410 veris.
164 2356 236 2412 Non
262 2359 342 2412 enim
365 2358 389 2411 si
413 2374 512 2428 neges.
522 2349 744 2430 purgatorium,
772 2357 942 2412 haereticus
960 2373 1012 2423 es,
1036 2357 1106 2428 quia

35 2465 99 2501 non
122 2463 214 2524 negas
241 2448 320 2503 hano
337 2463 465 2518 poenam
488 2451 658 2520 incorpore
678 2448 801 2515 sentiri,
819 2460 857 2503 ‘et
881 2457 967 2502 extra
992 2459 1102 2519 corpus

34 2529 139 2592 sentiri
158 2553 257 2608 posse.
293 2539 350 2593 Sed
367 2539 428 2596 boo
444 2556 551 2610 negas,
576 2540 750 2594 destinatum
769 2539 869 2594 locum
887 2553 974 2604 esse,
992 2545 1021 2592 et
1034 2549 1103 2590 cen¹

33 2637 101 2681 tum
119 2643 188 2682 esse
206 2636 290 2684 extra
309 2643 420 2700 comus
437 2629 550 2702 sentiri.
584 2628 652 2684 Hoc
670 2639 699 2683 et
715 2645 771 2698 ego
788 2642 885 2698 nego:
902 2627 952 2698 qui
977 2627 1054 2681 enirn
1074 2626 1104 2682 in

34 2734 169 2790 corpore
187 2733 251 2773 eam
268 2719 414 2775 sentiunt:
436 2720 546 2791 jamin
570 2733 697 2790 corpore
718 2720 804 2790 plane
823 2737 883 2774 non
900 2727 986 2784 sunt,
1004 2715 1103 2806 quoad

35 2811 127 2864 vitam
145 2825 257 2880 ipsam
280 2811 391 2865 mortui
417 2827 496 2865 anun
513 2821 594 2866 sunt
628 2809 731 2884 Quare
753 2827 822 2866 non
842 2820 908 2878 est,
931 2821 965 2864 ut
989 2823 1103 2878 neges,
1136 2819 1141 2830 '

33 2899 115 2954 hanc
133 2916 261 2970 poenam
278 2900 339 2956 hoo
358 2901 451 2958 modo
469 2911 553 2958 extra
571 2917 682 2972 corpus
699 2915 776 2956 esse
810 2900 960 2956 Hactenus
979 2915 1052 2970 ego:
1071 2911 1103 2955 tu

36 2993 61 3046 si
78 2991 152 3063 quid
169 2991 296 3062 amplius
312 2991 407 3078 habes
417 3031 426 3060 ,
444 2992 530 3047 doce.
593 3051 595 3056 ,

104 3079 261 3136 Caristadii
283 3082 403 3153 nuptiae
425 3081 500 3136 mire
526 3081 671 3152 placent„
685 3067 928 3152 nov1.puellam.
953 3080 1105 3135 confortat

36 3187 105 3226 eum
131 3171 285 3227 Dominus
303 3171 332 3227 in
347 3173 462 3228 bonum
480 3168 653 3243 exemplum
676 3171 853 3228 inhibendae
871 3181 901 3226 et
924 3171 1101 3228 minuendae

36 3263 369 3334 papisticaelibidinis,
395 3267 519 3323 Arnen.
546 3263 767 3318 Muriuscnlum
797 3279 898 3318 meum
923 3263 986 3334 ipse
1008 3264 1103 3317 feram

37 3365 238 3424 suotempore
248 3365 315 3426 post
326 3351 454 3410 Pascha.
468 3345 470 3348 ’
490 3352 502 3406 l
507 3353 609 3407 nterim
621 3353 714 3408 Biblia
722 3353 914 3418 transferam,
931 3367 1101 3426 quanquam

36 3443 309 3513 onussuscoperim
320 3459 408 3514 supra
422 3445 512 3498 vires.
548 3444 641 3499 Video
652 3461 748 3513 nuno,
767 3443 836 3514 quid
849 3443 888 3498 sit
900 3441 1101 3513 interpretari,
1159 3433 1161 3435 ’
1181 3493 1185 3510 ,
1201 3424 1203 3434 ’

37 3547 65 3589 et
83 3551 136 3588 cur
152 3532 298 3590 hactenus
316 3551 332 3588 a
349 3534 431 3599 unito
448 3533 492 3622 sit
502 3541 691 3601 attentatum,
717 3534 766 3604 qui
784 3532 973 3603 profiteretur
990 3549 1101 3590 nornen

39 3641 139 3680 suum.
172 3623 265 3680 Vetus
287 3625 516 3680 'destamentum
541 3641 602 3680 non
627 3633 732 3696 potero
758 3623 924 3693 attingere,
940 3623 997 3678 nisi
1013 3622 1101 3678 vobis

36 3714 245 3787 praesentibus
270 3727 300 3769 et
325 3715 576 3788 cooperantibus.
594 3713 737 3788 Denique
755 3713 779 3770 si
804 3731 866 3786 quo
892 3723 996 3788 posset
1013 3711 1110 3784 fieri,

36 3818 68 3860 ut
87 3815 239 3862 secretum
255 3805 351 3860 onbilc
369 3807 444 3876 apud
458 3815 590 3860 vestrum
601 3805 730 3876 aliquem
746 3803 908 3872 haberem,
926 3819 999 3859 mox
1018 3803 1099 3858 veni.
1136 3813 1138 3818 ’

35 3915 121 3964 rem,
136 3906 175 3952 ‘et
196 3909 298 3954 restro
323 3897 435 3952 auxilio
454 3907 548 3952 totum
572 3895 613 3950 ab.
627 3895 707 3952 initio
733 3897 940 3964 transferrem,
966 3904 999 3950 ut
1017 3893 1108 3950 fieret'

36 3988 187 4044 translatio
211 3987 312 4058 digna,
336 4003 411 4061 quae
438 3984 612 4049 Christianis
637 3988 917 4060 legereturzspero
941 3987 1022 4044 enim
1038 3999 1106 4057 atas„
