2676 4574
182 293 205 338 .,
248 247 309 316 265
425 226 433 236 '
727 253 817 318 1522.

310 408 457 470 Poenifef
472 407 648 482 prefecisse
665 406 692 478 ¹⁴)
715 411 870 482 Philippus
890 425 1012 481 quoque
1028 407 1196 480 exposuit,
1210 409 1274 463 nsit

245 501 376 556 minandi
400 500 592 570 significatio:
617 501 749 573 poenitet
773 517 840 568 me,
862 501 895 578 id
921 509 968 566 est
983 498 1125 565 mutabo,
1156 500 1273 570 quatefeci

245 601 340 646 aritss.
375 591 629 664 Quanquamnec
651 589 734 645 illum
758 605 882 648 sensum
907 587 1034 657 datnno,
1062 590 1146 661 quod
1175 587 1209 642 de
1228 587 1272 642 Dor

144 745 146 750 Ι
243 677 379 752 loquitur
395 667 560 752 scripturn,
587 679 740 753 quamodo
764 681 800 735 ab
824 680 923 752 impiis
947 681 994 733 vel
1020 681 1077 751 piis
1095 677 1273 734 affectibus&

246 772 312 842 ipso
331 775 471 840 sentitur,
489 783 519 828 ut
536 773 621 828 irasci
633 773 773 840 dicatur,
798 787 867 826 cunr
884 787 940 826 nos
958 771 1033 824 iram
1051 771 1216 837 sentimus,
1231 787 1277 840 pne

244 863 359 930 nitere,
377 849 445 919 'c‘um
461 875 518 918 nos
536 864 601 934 ejus
620 879 709 933 opera
726 863 832 920 mutari
850 853 1007 918 sentimus.

310 1009 403 1083 Quod
420 1011 456 1064 de
475 999 627 1083 responso
637 1009 813 1082 Principum
825 1007 860 1066 ad
872 1011 1018 1078 Legatum
1031 1009 1221 1081 pontificium
1231 1007 1280 1062 sui

242 1099 358 1168 bimus,
376 1101 486 1155 factum
504 1111 550 1156 est
562 1118 578 1155 s
589 1101 735 1172 Magistro
748 1101 887 1158 Prussiae
902 1101 1082 1156 Marchioue
1093 1101 1281 1163 Fridericozll

243 1189 295 1246 hic
314 1191 393 1244 enim
410 1190 542 1258 dixerat,
560 1205 627 1249 sese
642 1191 813 1246 Ecclesiam
825 1191 952 1256 libenter
962 1191 1154 1260 adjuturum,
1173 1189 1224 1246 sed
1234 1206 1280 1243 eun

178 1343 198 1357 fl
243 1297 305 1335 nou
333 1297 400 1336 csse
428 1281 553 1336 modum
577 1281 733 1336 Ecclesiae
754 1273 919 1352 ¹juvandae,
948 1281 1086 1335 damnare
1114 1281 1280 1334 manifestam

241 1370 396 1428 veritatem
414 1383 442 1426 et
458 1372 551 1428 libros
569 1389 712 1440 exurere,
731 1371 899 1443 diciturque
916 1389 978 1435 non
994 1372 1071 1426 male
1088 1371 1127 1426 de
1140 1370 1279 1440 Evangelio

243 1461 362 1519 sentire.
399 1445 517 1516 Utinam
542 1471 610 1528 uitis
634 1463 804 1530 tedeserat
819 1463 844 1532 ²)
870 1462 1029 1520 vicariatus
1052 1463 1226 1534 gloriosus,
1246 1461 1280 1514 ssi

222 1553 362 1636 ‚deseret
378 1554 437 1632 cito
456 1553 602 1610 sentiente
619 1563 648 1608 et
665 1563 843 1627 repugnante
861 1555 952 1625 etism,
965 1553 1013 1608 M.
1031 1551 1270 1626 spangenbergin

307 1699 464 1756 Johannes
481 1699 517 1756 P.
536 1701 607 1754 lrinc
626 1701 736 1770 aufugit
749 1697 934 1770 ,designato
951 1698 1056 1768 insigni
1074 1698 1193 1766 flagitio
1207 1699 1281 1752 inno

242 1800 339 1846 strum
357 1791 489 1845 omnium
508 1790 714 1861 ignominiam,
740 1789 877 1846 inventus
900 1807 915 1844 a
933 1789 1084 1844 lictoribus
1103 1788 1135 1841 in
1156 1787 1279 1860 lupanari,

242 1887 361 1954 potatus
380 1881 473 1952 probe
491 1892 520 1935 et
536 1880 609 1934 laica
620 1889 706 1935 veste
718 1889 804 1951 stque
816 1880 904 1934 ctiam
916 1893 1077 1950 percussus
1091 1877 1196 1949 aliqua
1208 1887 1276 1947 ptus,

241 1980 274 2026 ut
285 1972 389 2026 audio:
408 1971 461 2025 sed
479 1982 533 2041 ego
552 1971 609 2026 ista
627 1969 732 2024 rescivi
749 1971 831 2025 tarde
849 1981 918 2041 post
935 1969 1000 2040 ejus
1012 1969 1121 2037 fugam.
1162 1967 1226 2038 Ego
1236 1967 1278 2036 qni.

243 2063 411 2116 densantes
430 2063 456 2116 ei
474 2057 694 2130 denuntiarsm,
713 2061 738 2116 si
757 2055 828 2132 iguid
844 2061 940 2116 denuo
959 2060 1125 2128 designaret
1146 2069 1216 2129 post
1231 2055 1280 2110 illud

148 2175 151 2182 ¹
243 2149 444 2206 Zerbistense
460 2150 590 2218 malum,
608 2169 646 2206 ne
664 2151 700 2205 sd
716 2163 817 2205 meum
835 2149 1032 2222 conspectum
1044 2148 1182 2206 veniret:
1200 2148 1226 2203 id
1238 2161 1278 2202 su.

240 2231 333 2292 davit.
367 2238 423 2293 Sed
441 2257 493 2295 ora
509 2255 565 2311 pro
583 2239 743 2295 miserabili
760 2237 898 2306 homine,
916 2235 1006 2310 quem
1023 2238 1123 2305 nosti,
1143 2237 1279 2310 quamni

243 2343 294 2382 ser
310 2328 348 2384 sit
366 2339 434 2398 post
459 2339 570 2400 patrata
595 2345 649 2385 sua
672 2329 767 2399 mala,
792 2347 830 2386 ne
855 2329 1014 2400 desperans
1039 2327 1145 2399 pejora
1174 2338 1277 2384 attentet

241 2417 310 2474 Nos
328 2419 467 2474 sedemus
486 2419 515 2474 in
533 2417 725 2490 turpitudine.
760 2419 889 2474 Salutant
906 2427 936 2474 te
952 2433 1058 2474 omncs
1076 2419 1194 2488 nostri,
1211 2427 1279 2489 etps

240 2517 324 2577 tunt,
342 2509 546 2582 utaliquando
565 2525 621 2566 nos
639 2505 750 2565 visites.
1101 2521 1102 2524 ’

306 2657 379 2713 Vale
398 2659 427 2713 in
442 2659 580 2716 Domino
597 2669 691 2716 ruore
705 2667 760 2734 pro
771 2675 832 2714 me.
865 2657 980 2716 Mosen
990 2657 1072 2714 finivi
1084 2652 1280 2716 transferendo,

240 2746 320 2802 fiatita
337 2757 384 2802 est
401 2759 431 2802 et
449 2749 501 2804 slis
520 2751 608 2806 editio
624 2750 696 2806 novi
710 2748 914 2804 Testamenti:
926 2749 991 2818 jam
1002 2747 1119 2802 Mosen
1132 2745 1279 2818 aggrediar.

241 2848 299 2891 tur.
335 2835 460 2914 Mirum.
476 2850 535 2909 est,
562 2852 651 2911 quam
674 2851 704 2895 te
730 2839 781 2894 hic
807 2825 883 2912 opus
909 2838 947 2894 sit
971 2837 999 2892 in
1017 2837 1278 2904 vernacularum

239 2929 289 2982 An
306 2925 466 2998 bibliopola
484 2939 585 2986 vester
601 2930 757 2998 satisfecit,
780 2929 901 2998 ignoro:
930 2928 1004 2984 milti
1022 2943 1100 2982 sane·
1111 2927 1190 2984 nihil
1206 2925 1277 2986 dedit,

240 3025 270 3072 et
282 3017 379 3086 jussi,
396 3027 430 3072 ut
447 3017 582 3074 Lothetu
596 3020 698 3083 daret,
716 3019 764 3074 cai
779 3035 842 3088 non
860 3033 987 3090 possum
1005 3028 1104 3072 certus
1122 3017 1189 3072 fieri
1204 3014 1279 3076 ande.

239 3109 331 3174 derit,
360 3109 487 3178 ignorati
502 3109 581 3182 pnim
608 3119 638 3164 et
666 3107 740 3179 ipse.
783 3108 898 3178 Literas
923 3107 1067 3162 Msusero
1097 3107 1190 3165 dates.
1211 3103 1278 3162 scito

239 3199 481 3269 li'itembergse,
499 3199 572 3254 t'eria
588 3197 615 3254 6.
633 3209 699 3254 ante
718 3199 875 3265 Thomas,
891 3195 1058 3256 MDXXlI.
1109 3243 1112 3254 .

827 3353 913 3410 Tuus
930 3351 1083 3436 Martinus
1102 3321 1257 3432 Lnrherus,

291 3649 312 3695 tt
326 3644 361 3695 ui
375 3643 431 3696 nus
443 3641 506 3696 urit
519 3641 600 3696 tutior
613 3641 714 3705 Alperto
720 3657 729 3700 3
743 3643 781 3710 stt
793 3637 950 3696 &reinduti
959 3637 1176 3704 &persenti-tu
1190 3647 1235 3688 stc
1245 3635 1280 3684 uu

242 3717 365 3777 arietina.
414 3719 436 3766 2)
451 3716 546 3762 Auris.
561 3717 678 3764 deserrct.

242 3853 472 3870 m

293 3959 316 4006 *i
336 3951 485 4005 tatami,
501 3951 523 4000 i'.
606 4023 611 4028 Ι
