2674 4570
184 211 280 258 „r

421 311 432 330 .
518 281 608 342 1521.
1023 233 1109 338 '111'

41 449 93 490 uon
115 433 253 501 creditis,
280 434 335 490 nisi
351 444 494 508 temperet
512 453 601 510 opera
620 453 671 491 sua
690 435 724 492 sd
743 451 872 506 ¹sensum
891 443 1041 500 vestrum,
1066 443 1099 491 ut

35 527 89 594 jam
106 526 231 580 credere
249 543 309 580 non
327 528 365 582 sit
383 545 470 600 opus.
505 528 591 584 Nihil
610 545 702 600 aeque
720 546 767 582 me
787 513 952 583 ofieudit'in
964 528 1018 582 ista
1033 527 1099 581 aula

40 631 128 686 atque·
142 600 349 684 incridutires,
375 635 450 688 quae
468 635 524 674 nec
541 619 635 674 eredit
651 618 723 687 ista,
741 635 817 690 quae
838 618 928 684 fiunt,
948 618 1013 674 solo
1026 634 1099 672 con.

40 705 99 759 silio
124 707 187 760 Dei
206 707 232 772 ¹)
258 706 337 776 fieri,
354 725 420 774 ¹nec
448 708 570 778 probat,
596 709 652 764 nisi
677 709 746 782 quid
764 709 877 764 nostris
894 707 1009 764 viribus
1027 725 1097 778 spes

39 798 72 850 sit
93 797 313 852 consummari:
341 797 413 852 adeo
440 795 511 854 nihil
537 799 704 870 profectum
722 809 768 854 est
783 798 928 856 hactenus
947 808 989 852 tot
1005 813 1098 870 expe.

40 887 138 940 rieuriis
157 899 187 940 et
204 889 350 956 exemplis
368 887 441 942 vel'
436 907 463 944 in
486 888 545 942 hac
568 905 654 944 cause
679 891 753 944 soie
789 888 899 944 Scribis
922 889 1097 944 sacerdotes

42 991 99 1030 esse
124 975 266 1032 dimissos
292 978 327 1030 ab
353 978 427 1044 illis,
444 977 474 1037 ⁴)
496 977 581 1050 quasi
606 996 666 1034 non
692 979 729 1033 sit
755 978 888 1036 dimissio
915 978 961 1033 itta
988 977 1098 1060 septies
1180 989 1183 1000 ’

42 1067 198 1133 cruentior,
216 1084 307 1138 quam
318 1068 490 1140 captivitas,
508 1068 622 1122 etiamsi
635 1057 831 1136 occidissent,
850 1068 920 1121 dum
933 1076 1099 1136 coegerunt

41 1157 160 1212 miseros
177 1157 314 1229 peJerare
339 1167 368 1212 et
390 1159 543 1214 veritatem
561 1159 622 1233 Dei
645 1158 803 1228 abnegare.
838 1155 991 1212 Scilicet'
975 1177 992 1213 u
1010 1170 1099 1224 sunt,

43 1263 110 1316 quos
127 1246 162 1300 ad
180 1247 293 1302 bonam
318 1249 435 1316 frugem
459 1248 582 1302 rediisse
602 1249 719 1318 jactes,
744 1258 773 1304 et
790 1247 825 1303 ab
843 1247 877 1303 iis
895 1257 1054 1320 expectes,
1070 1247 1098 1314 2)

43 1347 71 1390 ut
86 1353 122 1392 ex
140 1337 240 1392 annno
259 1334 459 1406 'evangelicum
476 1337 643 1408 aliquando.

102 1450 261 1519 Obsecro,
285 1449 309 1504 si
327 1451 434 1504 veritas
457 1461 522 1518 est,
546 1449 635 1506 istum
653 1449 831 1506 caelibatum
855 1457 884 1504 et
910 1452 1097 1508 monasticen

45 1541 169 1596 diuinitus
187 1541 340 1608 damnari,
358 1541 443 1596 sicuti
463 1559 523 1596 non
541 1550 587 1598 est
605 1541 744 1599 dubium:
762 1557 815 1596 eur
827 1557 886 1596 rron
901 1541 986 1596 liceat
999 1543 1096 1618 diver.

46 1649 103 1686 sum
119 1642 232 1688 tentare
251 1643 281 1687 et
296 1633 400 1704 sequi2
434 1633 482 1686 An
510 1644 650 1714 perpetuo
677 1633 714 1687 de
739 1632 840 1688 verbis
864 1619 925 1706 Dei
948 1631 1099 1704 disputen-

46 1724 106 1776 dum
122 1723 221 1778 solum
240 1731 301 1791 est,
319 1732 349 1774 et
367 1737 457 1794 opere
474 1737 593 1792 semper
610 1721 842 1778 abstinendum?
868 1721 925 1776 Sed
943 1723 1025 1814 quid
1032 1738 1099 1778 sur.

47 1813 78 1866 dn
94 1811 208 1869 tabula?
244 1812 319 1868 Nou
337 1813 414 1866 enim
432 1812 527 1866 credit
543 1811 650 1866 sensus'
675 1821 741 1866 tuus
766 1811 877 1872 aulicus
893 1812 1011 1879 nimio,
1008 1790 1100 1868 hoc

47 1915 85 1958 est
99 1913 127 1958 et
140 1905 259 1974 sapiens
277 1913 307 1957 et
328 1903 435 1956 timens
453 1901 557 1958 nimio.¹
590 1901 658 1970 Ego
685 1902 806 1956 credam
833 1900 1002 1973 Episcopus
1027 1919 1100 1957 eon.

49 1995 207 2050 cinnaturos
225 1993 440 2062 Evangettum,
458 1993 482 2047 si
497 1992 600 2047 videro
618 2005 670 2045 eos
685 1991 793 2046 relictis
806 1993 867 2046 suis
881 1991 1100 2063 episcopatibus

18 2085 20 2094 “
51 2085 100 2138 soli
126 2084 218 2139 verbo
243 2097 311 2137 sese
336 2083 460 2148 dedere,
486 2098 542 2134 nec
567 2091 632 2134 aute
659 2081 788 2144 credam·
825 2080 948 2135 Interim
974 2083 1098 2138 Satanae

51 2174 157 2228 consilia
173 2171 200 2240 ³)
221 2170 450 2243 blasphemantis
475 2169 538 2224 hoc
561 2168 757 2224 ministerium
782 2169 926 2240 sacrilego
946 2169 1018 2226 tuc'o
1035 2188 1097 2226 non

50 2273 177 2318 metuam.
213 2263 308 2318 Video
325 2262 443 2316 tandem
462 2259 585 2314 consilia
609 2258 766 2314 homiuum
789 2261 1007 2332 perrumpenda
1032 2276 1099 2318 esse
1147 2301 1150 2308 »

50 2355 75 2407 in
90 2355 140 2410 hac
161 2369 269 2420 causa,
295 2352 400 2424 quibus
424 2351 568 2406 hactenus
591 2351 671 2404 varie
696 2350 854 2420 impeditus
878 2366 965 2418 sum,
991 2353 1101 2408 frustra

49 2445 207 2499 timentibus
225 2444 341 2498 ruinam
354 2441 519 2496 coelorum.
551 2439 582 2494 st
594 2439 663 2496 nihil
678 2439 913 2510 aliudegendum
927 2451 992 2510 est,
1009 2459 1101 2514 quam

49 2534 186 2605 hactenus⁴
198 2535 332 2605 egimus,
350 2517 515 2606 nihiialiud
533 2545 653 2604 quoque
671 2531 791 2584 doctum
810 2532 951 2602 oportuit.

21 2668 26 2682 ·
105 2649 197 2706 Mitto
217 2659 246 2708 et
263 2646 505 2702 exhortationem
522 2647 729 2714 vernaculam,
741 2643 785 2711 '‘)
804 2663 894 2716 quum
906 2647 994 2700 velim
1006 2663 1102 2718 quun.

52 2741 136 2794 tocius
157 2731 223 2808 edi,
248 2738 277 2792 iu
301 2751 463 2790 occursum
487 2733 604 2788 rudium
622 2733 740 2788 illorum
759 2744 789 2789 et
805 2735 988 2792 insulsorum
1007 2738 1100 2792 nostri

51 2831 165 2886 nominis
184 2829 377 2899 jactatorum.
414 2825 469 2882 iiic
491 2824 648 2896 quaternio
666 2823 706 2879 G.
725 2824 752 2878 in
777 2823 927 2880 Methodo
944 2825 1004 2891 m)
1028 2827 1100 2884 Phi.

53 2919 111 2988 lippi
126 2919 300 2994 superfluit,
329 2916 434 2970 desunt
456 2927 555 2968 etitem
572 2913 602 2967 in
620 2913 676 2967 tine
693 2923 755 2968 tres
773 2917 981 2986 quateruiones
999 2917 1101 2972 novis.

53 3009 164 3084 sitniQ.
182 3009 222 3064 R.
240 3009 288 3073 S.,
312 3021 389 3078 quos
405 3002 624 3073 complebunt
646 3011 790 3074 tempore
826 3003 978 3060 Graecum
995 3006 1100 3061 Testa.
1184 3033 1190 3040 ·

54 3110 173 3163 mentum
190 3097 332 3167 Philippo
351 3095 476 3161 reddes,
500 3093 614 3148 acvale
632 3109 701 3148 eum
719 3096 878 3163 totaauta,
905 3111 994 3167 qttam
1013 3097 1133 3156 Chri.

54 3199 108 3245 stus
124 3189 278 3264 aliquando
297 3185 399 3242 reddat
417 3183 534 3238 fidelem
552 3179 645 3236 fide'
626 3204 736 3256 arantur
738 3185 792 3256 irps.
823 3187 935 3240 Amen.

723 3313 762 3368 T.
780 3311 926 3369 Martinus
944 3313 1067 3371 Luther.

99 3581 800 3646 ttturrtfetiterueudemutianus-expectas.
828 3581 1075 3632 manutenuit.

101 3749 196 3796 reue
210 3743 339 3798 §retituet
350 3751 396 3796 eeu
410 3740 495 3792 maun
509 3739 555 3790 une
568 3737 638 3851 triten
650 3733 780 3792 erretur.
797 3733 1099 3798 ffie1.urnssr.aucrrptte

61 3821 277 3945 ”buggone
292 3891 336 3940 uer.
350 3888 528 3936 subticemus

57 3996 65 4006 ι
103 3971 149 4020 au)
141 3957 539 4026 )..Μῷσιιίοεὶεὼεοῐοιίεἰι
