2672 4554
257 305 330 377 los·
454 250 467 264 ἱ
557 339 560 344 ·
655 253 656 264 ¹
734 303 825 391 isli.
899 253 901 259 V

256 470 312 523 tale
330 469 566 535 fundamentum,
585 466 665 538 quod
681 481 737 520 nec
755 469 875 538 peccat',
891 477 950 520 aec
966 477 1095 542 peccare
1112 471 1237 536 potest,
1252 481 1293 518 me

256 567 351 628 errat,
367 573 423 613 nec
441 571 538 612 errare
555 565 676 629 potest·
690 555 742 610 sed
759 554 820 610 hoc
838 565 885 610 eat
902 553 987 610 solus
1005 553 1160 609 Christus.

321 661 463 718 Secundo.
498 659 632 717 Ecclesia
649 672 696 716 est
712 677 762 718 res
781 663 811 720 ia
828 661 935 740 Spiritu
952 673 981 716 et
998 671 1121 728 sancta,
1141 661 1226 716 sicut
1242 661 1295 714 diti.

256 768 339 808 mus·
363 752 454 807 credo
469 751 638 806 Ecclesiam
655 761 784 806 sanctam
800 751 993 805 catholicam.
1019 751 1104 822 quod
1123 759 1230 808 autem
1245 769 1299 804 ere.

255 841 349 910 ditur,
376 859 433 897 aec
456 839 550 896 videri
574 858 631 895 nec
658 839 759 896 sentiri
783 843 892 918 potest:
927 839 1020 895 Heba.
1039 839 1113 896 XL.
1150 839 1298 896 moeses

255 949 365 988 rerum
381 931 446 988 non
463 927 698 1005 apparentium.
732 931 896 1008 Quomodo
913 947 986 1002 ergo
1006 939 1113 1004 potest
1130 929 1297 987 Petraeam

253 1023 334 1095 Papa
346 1023 511 1078 Ecclesiam
524 1039 627 1093 regere
640 1033 688 1078 aut
699 1031 863 1078 sustentare
875 1038 1022 1094 unquam,
1035 1036 1111 1076 cum
1123 1023 1257 1076 nesciant
1263 1023 1296 1088 ,¹)

255 1113 306 1186 qui
323 1105 381 1168 sint
397 1111 506 1180 uncti,
532 1120 561 1166 et
577 1127 726 1200 nunquam
741 1107 909 1165 Ecclesiam
925 1109 1062 1178 videant,
1080 1111 1149 1164 sed
1166 1123 1297 1180 cogantur

253 1220 318 1257 eam
335 1201 473 1270 credere,
498 1201 573 1256 siout
589 1209 619 1256 et
636 1215 692 1256 nos
709 1201 837 1257 omnes?
870 1200 958 1256 Solus
980 1199 1061 1272 enim
1078 1199 1223 1255 Christas
1238 1215 1296 1254 eam

253 1293 348 1388 videt,
364 1292 413 1364 qui
430 1301 460 1347 et
477 1279 561 1348 solus
579 1307 643 1346 eam
659 1301 836 1362 congregat,
854 1300 952 1346 servat
968 1300 998 1345 et
1016 1300 1185 1346 sustentat.

314 1397 429 1454 Tertio.
457 1393 538 1470 Papa
549 1397 598 1452 vel
611 1393 719 1452 Petrus
731 1414 791 1452 non
803 1405 931 1469 possunt
943 1396 1014 1455 dare
1024 1395 1195 1452 Ecclesiae
1207 1395 1295 1462 ilem,

249 1488 427 1562 charitatem⁴
443 1487 599 1562 etreliqua
616 1485 793 1555 dona'S.S.,
819 1503 876 1541 nec
900 1503 934 1540 ea
958 1487 1077 1542 auferre
1102 1497 1155 1542 aut
1174 1503 1295 1554 mutare,

198 1591 199 1599 ¹
250 1587 300 1634 aut
324 1579 489 1634 secundum
513 1595 547 1633 ca
572 1578 649 1632 illam
673 1593 785 1650 regere.
819 1575 876 1632 Sed
892 1575 1033 1632 Ecclesia
1060 1578 1086 1633 si
1113 1595 1176 1634 noa
1202 1581 1295 1648 regim

182 1651 188 1668 ’
249 1685 305 1744 per
322 1667 425 1738 fidem,
443 1668 615 1723 charitatem
632 1677 662 1723 et
679 1667 789 1742 reliqua
804 1667 880 1724 dona
892 1667 1013 1739 Spiritus
1027 1669 1147 1736 sancti,
1165 1679 1292 1724 mnenon

137 1787 144 1802 ι
249 1759 378 1830 regitur,
403 1775 500 1830 aeque
518 1769 564 1813 est
581 1756 735 1825 Ecclesia,
759 1758 811 1814 sed
829 1773 975 1829 synagoga
993 1757 1133 1814 Satanae.
1169 1759 1293 1814 esaiam

250 1859 349 1904 autem
361 1847 444 1904 solus
456 1848 501 1904 sic
513 1846 586 1918 regit
596 1845 784 1914 Ecclesiam,
800 1861 872 1916 ergo
884 1844 1022 1901 Christus
1034 1847 1128 1902 solus
1142 1857 1190 1904 est
1200 1861 1292 1915 recor,

249 1951 368 2010 pastor,
384 1937 624 2004 tundamentum,
648 1935 788 2004 magister
802 1933 973 2004 Ecclesiae,
999 1935 1079 1990 sicut
1103 1937 1178 1992 dicit
1198 1935 1291 1993 Mna

247 2027 379 2084 xxiii:
384 2025 488 2080 Unus
504 2032 550 2080 est
566 2024 721 2099 magister
737 2031 847 2092 vester,
863 2024 967 2099 quiin
983 2023 1083 2080 coelis
1101 2035 1163 2096 est,
1179 2039 1232 2084 scs
1245 2045 1292 2080 aro
1327 2021 1328 2024 ’

248 2124 311 2171 tem
319 2114 451 2187 fratres
469 2115 562 2170 estis:
578 2115 641 2170 hoo
658 2124 720 2182 est,
737 2129 793 2170 vos
810 2129 914 2169 omnes
926 2113 997 2170 estas
1009 2130 1104 2186 pares
1119 2127 1150 2172 et
1161 2119 1290 2192 aequus,
1327 2101 1328 2138 ³

173 2240 177 2248 ι
246 2221 305 2276 ego
323 2206 406 2260 solus
423 2204 562 2273 magister
577 2212 608 2258 et
623 2204 771 2274 superior.

272 2303 439 2384 ''Quarto
473 2309 552 2364 Nam
572 2317 603 2364 et
625 2308 689 2380 ipse
705 2308 815 2366 Petms
831 2318 861 2365 at
876 2307 957 2382 Papa
974 2326 1055 2382 opus
1074 2311 1184 2368 habeat
1199 2311 1290 2367 fanda

247 2409 368 2465 mento,
384 2399 543 2467 charitate,
560 2398 681 2471 spiritu,
707 2407 737 2453 et
753 2397 815 2455 aliis
832 2399 926 2455 donis.
960 2399 1052 2456 Tunc
1075 2405 1235 2476 quaeritur,
1255 2419 1290 2457 m

246 2489 324 2546 aliutl
338 2471 578 2557 laudamentum,
596 2488 681 2542 aliam
698 2486 803 2554 fldem.
820 2487 904 2544 aliam
922 2489 1128 2564 charitatem,
1146 2495 1226 2550 alium
1239 2495 1290 2564 spi.

246 2574 338 2638 ritum
353 2581 499 2648 habeant,
516 2595 606 2653 quam
623 2580 733 2635 caeteri
749 2583 876 2638 omues?
909 2581 937 2637 st
954 2581 1071 2640 habent
1090 2587 1214 2656 eadem,
1232 2603 1289 2656 erpo

247 2671 360 2728 habeat
376 2670 523 2744 aequalia,
546 2685 637 2742 quare
661 2686 722 2724 nou
743 2679 868 2741 possunt
884 2669 977 2726 iahia
993 2671 1158 2732 Ecclesiis
1175 2675 1222 2732 ulli
1236 2693 1288 2732 esse

247 2760 432 2831 inaequales,
457 2769 508 2813 aut
525 2758 697 2832 superiores
711 2759 740 2812 in
756 2757 905 2822 Ecclesia.
940 2759 968 2816 Si
991 2773 1098 2818 autem
1117 2783 1184 2822 noo
1201 2767 1289 2822 habeat

248 2849 351 2904 eadem
377 2848 450 2916 ista,
477 2863 548 2917 ergo
571 2863 632 2904 aon
657 2857 736 2902 sunt
751 2846 780 2902 in
805 2845 962 2918 Ecclesia,
986 2849 1056 2922 quia
1083 2871 1154 2911 nou
1171 2855 1287 2912 estalicd

246 2937 471 2998 fundamentum
482 2935 651 3004 Ecclesiae,
669 2951 756 3007 quam
772 2950 864 2990 unum
879 2940 1016 3006 generale
1029 2943 1131 3000 totius
1143 2945 1286 3010 Ecdes'uc,
1305 2943 1306 2946 ’

248 3027 394 3084 Christus.

314 3133 474 3210 Quaeritur
490 3149 578 3202 ergo,
598 3132 675 3214 ¹quial
691 3140 759 3188 suat
775 3129 856 3205 Papa
873 3143 902 3190 et
918 3133 1087 3208 Episcopi,
1116 3149 1154 3198 et
1170 3159 1239 3216 quae
1252 3155 1285 3194 eu

247 3226 367 3284 illorum
384 3233 515 3294 potestas
532 3222 561 3277 in
575 3221 734 3279 Ecclesia?

314 3331 489 3404 Respondet
499 3328 610 3384 Paulus
624 3327 791 3384 1.Corintlt.
804 3328 869 3386 lV.:
887 3331 941 3388 Sic
952 3347 1013 3388 nos
1023 3335 1287 3404 carissimorum,

249 3429 284 3478 ιιι
300 3420 465 3476 ministros
478 3415 597 3473 Chaicti
607 3423 637 3471 et
647 3415 884 3490 dispensatores
894 3415 1133 3492 mysteriorum
1145 3429 1228 3486 Dei:
1241 3431 1286 3484 loc

247 3521 310 3578 est,
325 3525 388 3564 nou
404 3521 508 3566 sumus
524 3505 612 3563 Deua
630 3506 659 3560 ia
675 3505 827 3574 Ecclesia,
843 3525 900 3563 aec
912 3521 1013 3566 nostra
1026 3521 1178 3585 mysteria
1188 3521 1286 3590 «lispu-

244 3616 364 3668 aamus,
390 3597 442 3652 sed
460 3596 539 3664 Dei,
562 3593 685 3652 ministri
703 3611 775 3650 sero
792 3611 915 3667 sumus,
941 3615 995 3670 per
1019 3619 1157 3674 quorum
1180 3611 1287 3664 mom

247 3691 327 3746 venit
345 3690 379 3744 ad
397 3687 563 3742 Ecclesiam
579 3685 754 3759 mysterium
769 3685 848 3743 Dei:
864 3693 1038 3760 mysterium
1055 3705 1163 3752 autem
1176 3699 1230 3754 Dei
1243 3717 1286 3752 ro.

248 3792 296 3838 cat
313 3781 359 3835 illa
376 3787 490 3834 secreta
508 3777 583 3868 Dei,
602 3793 676 3849 quae
694 3763 1198 3860 suatftmdameutum,.Cl1ristus,
1213 3788 1286 3856 idat,

247 3905 767 3940 .----·f------·-

297 3985 319 4034 t)
344 3975 440 4028 aurit.
466 3971 599 4029 uescuut'
