2736 4564
240 274 283 362 1⁸.
418 285 421 296 ¹
727 269 819 340 isat.

179 449 183 460 ‘
229 437 357 488 tomum
374 445 476 489 meum
494 431 530 487 ad
547 437 576 488 te
594 429 726 488 mittere:
742 449 803 488 nnn
821 447 908 494 enm,
925 430 975 504 qui
992 413 1158 502 linguarum
1168 427 1302 502 peritiam
1350 445 1351 448 ’

241 520 450 581 calumnieturt
482 522 611 580 concidit
635 524 714 578 enim
739 521 1041 598 istedesbibenobus
1068 522 1175 576 virtute
1201 519 1302 576 Abisai

237 613 353 680 nostri,
370 629 408 668 ne
425 612 495 686 qnid
512 625 641 670 metuas:
660 613 718 669 sed
730 614 787 670 nec
805 599 891 684 eum,
920 614 971 685 qui
988 611 1121 684 malignis
1135 611 1302 692 modestiae

239 702 314 763 sucis
332 711 362 758 et
377 701 563 775 inauspicatis
581 721 693 759 vocum
710 704 849 760 versutiis
861 703 1093 760 Lovaniensium
1109 701 1304 758 incendiaria.

239 779 437 850 rum‘crimen
460 809 545 850 serus
562 803 704 866 patronus¹
719 792 881 864 justificet,
908 809 998 866 quern
1024 801 1054 848 te
1078 793 1169 848 credo
1194 791 1304 852 vidisse

160 939 163 946 ,
239 884 394 940 hominem
417 878 530 941 scilicet
556 885 730 956 gloriantem
756 885 785 940 in
804 885 939 940 Domino
956 883 1038 956 Papa
1060 895 1091 940 et
1115 883 1198 938 bulia
1222 881 1303 952 ejus:

240 979 309 1032 cum
326 983 426 1046 autern
438 974 536 1044 mitto,
554 977 602 1048 qui
617 959 789 1031 Lutherano
801 975 908 1032 februo
925 967 1063 1030 lustratus
1080 973 1180 1028 mitius
1191 972 1305 1030 habere
1350 967 1351 976 ³

141 1107 150 1114 a.
237 1065 357 1122 viderur
372 1082 388 1120 a
406 1065 501 1122 lamiis
524 1075 553 1122 et
571 1065 753 1134 lemuribus,
780 1064 889 1136 quibus
906 1065 1052 1120 haetenus
1070 1065 1191 1134 agitatus
1217 1064 1307 1135 agita.

238 1174 332 1229 reque
349 1157 455 1215 solitus
472 1165 518 1212 est
535 1157 580 1228 pia
598 1159 698 1212 corda.
732 1157 760 1214 Si
776 1154 856 1210 hanc
874 1156 1019 1212 rationem
1037 1157 1066 1212 in
1084 1142 1223 1226 tempore
1240 1156 1307 1213 red-

239 1247 399 1314 didissent,
430 1255 460 1302 et
483 1255 549 1302 ante
572 1247 699 1312 sactum,
728 1259 758 1302 ut
782 1246 906 1302 decebat
928 1245 1077 1318 sapientes
1103 1245 1178 1301 istos
1203 1245 1307 1312 viros,

237 1337 475 1416 consuluissent:
494 1335 609 1390 libelios
627 1351 712 1392 meos
729 1353 827 1410 neque
846 1336 1038 1392 damnassent
1053 1352 1153 1409 neque
1171 1337 1307 1392 exussis-

239 1435 326 1494 sent,
352 1444 450 1499 neque
467 1444 547 1482 nunc
564 1425 724 1482 stultorum
734 1443 826 1484 more
845 1436 912 1499 post
929 1425 1038 1482 facturn
1056 1428 1178 1485 demum
1195 1443 1308 1484 consu.

238 1518 354 1584 lerent,
372 1525 488 1572 tantum
504 1531 553 1572 me
571 1531 659 1588 spero
678 1517 963 1574 effectururniuisse.
997 1516 1072 1572 Satis
1083 1533 1133 1572 me
1145 1519 1235 1574 docet
1246 1519 1308 1576 hoc

168 1634 173 1645 ι
238 1607 315 1662 libro
334 1607 604 1680 Latomus‚quam
623 1605 706 1660 facile
724 1607 809 1661 fuerit
827 1605 882 1662 iltis
901 1607 1020 1662 absente
1037 1607 1174 1663 Luthero
1199 1607 1229 1663 in
1246 1610 1309 1664 suis
1350 1611 1351 1676 i

238 1696 353 1766 angulis
371 1696 499 1766 garrire:
523 1695 586 1750 hoc
603 1707 648 1752 est
664 1693 868 1764 haereticum,
883 1693 945 1751 hoc
963 1706 1010 1752 est
1026 1713 1206 1767 erroneum,
1224 1699 1309 1770 qnod
1350 1685 1351 1754 i

239 1789 268 1842 in
287 1787 407 1858 publico
423 1786 511 1842 nuliis
535 1787 601 1842 freti
618 1787 731 1841 viribus
749 1787 812 1858 ausi
830 1788 956 1844 tuissent
973 1787 1127 1858 attingere.
1161 1789 1310 1862 Denique

237 1878 404 1950 persuadeo
421 1875 514 1946 mihi,
529 1895 590 1932 non
607 1875 698 1934 fnisse
716 1893 848 1950 unquam
866 1878 1050 1948 prodituram
1067 1877 1146 1934 hane
1158 1881 1310 1949 egregiam
1350 1873 1351 1926 t

237 1969 403 2036 rationem,
430 1968 486 2024 nisi
502 1966 582 2022 bulla
601 1965 735 2022 fiduciam
753 1967 818 2038 ejus
836 1966 982 2034 inflasset,
1007 1985 1065 2042 qua
1090 1969 1234 2039 gloriatur
1250 1969 1311 2027 La-

238 2070 337 2114 tomns
355 2073 442 2114 snum
465 2059 575 2113 factum
593 2058 838 2129 comprobatum,
863 2058 1015 2127 somnians
1040 2041 1310 2124 adnno'bottarum

237 2152 374 2224 antiquos
390 2148 615 2222 antiquatnsque
633 2160 765 2204 terrores
775 2189 784 2217 ,
811 2160 899 2222 atque
916 2149 986 2204 hinc
1004 2149 1109 2205 orbem
1131 2168 1186 2208 suo
1205 2137 1312 2210 libello
1350 2201 1351 2206 ,

237 2240 425 2313 pavefactum
450 2237 590 2304 confidit,
615 2247 649 2292 nt
671 2239 776 2293 audeat
795 2239 860 2309 jam
885 2241 948 2294 sine
966 2239 1074 2316 timore
1091 2241 1121 2296 in
1138 2227 1313 2300 Lutherum

236 2329 397 2386 tremendis
414 2329 475 2384 Dei
492 2327 644 2400 scripturis
661 2329 775 2386 indere.
810 2335 852 2386 At
868 2329 923 2402 e'go
942 2329 1053 2386 nollem
1071 2349 1132 2386 non
1144 2333 1314 2404 probatum
1350 2353 1351 2388 i

237 2421 295 2478 tale
313 2419 487 2490 inmanitati
505 2419 605 2486 batia*
627 2419 764 2476 Rursum
781 2421 894 2484 nollem*
916 2437 966 2476 nne
983 2439 1046 2478 non
1065 2423 1239 2479 damnatum
1256 2424 1312 2479 tati
1350 2409 1351 2478 i

238 2511 330 2568 bulla.
362 2511 474 2567 ‘Omnia
490 2510 568 2566 betta
585 2522 771 2581 congruunt,
787 2511 866 2565 bulla
876 2550 885 2579 ‚
902 2505 1006 2580 causa,
1017 2514 1136 2585 judex,
1153 2510 1318 2586 patronum·
1350 2511 1351 2564 i

240 2621 257 2659 a
279 2617 407 2676 quornm
432 2603 585 2658 'consortio
612 2613 640 2656 et
657 2603 794 2673 contagio
812 2612 912 2658 servet
927 2618 977 2658 me
994 2603 1148 2661 Dominus
1164 2603 1261 2664 Jcsus
1282 2612 1317 2662 et
1350 2629 1351 2676 ς

240 2709 345 2752 omnes
362 2695 425 2765 pias
442 2681 571 2760 animas,
590 2695 696 2749 Amen.
913 2746 917 2754 x
1111 2746 1116 2757 x
1350 2697 1351 2760 3

306 2777 380 2840 Non
404 2783 488 2840 facile
513 2799 586 2838 vero
616 2783 741 2851 credas,
767 2769 992 2856 qnem'inritue
1019 2801 1035 2840 a
1062 2785 1153 2844 literis
1177 2786 1318 2860 pacilio-k

160 2879 168 2895 ⁸
240 2874 370 2942 Christi,
398 2875 507 2946 quibus
527 2889 578 2928 me
597 2871 700 2928 inhac
718 2873 845 2929 Pathrno
863 2873 1021 2944 dederam,
1048 2877 1187 2946 avulsus,
1210 2878 1320 2954 vepri.
1350 2877 1351 2950 i

241 2967 305 3022 cosi
327 2975 359 3020 et
383 2964 521 3042 senticosi
538 2963 689 3034 sophistae
706 2963 792 3032 nugis
809 2963 940 3033 legendis
959 2975 1082 3036 tempus,
1092 2965 1224 3038 impendi
1239 3007 1250 3036 ,
1268 2969 1320 3023 vi.
1350 2963 1351 3056 i

241 3059 316 3112 dens
332 3055 488 3110 hominem
503 3072 521 3110 a
539 3055 634 3128 planta
652 3055 735 3126 pedis
754 3055 790 3108 ad
809 3055 949 3128 verticem
973 3056 1319 3129 usque-sophisticum,
1350 3077 1351 3144 p

242 3163 306 3204 turn
325 3147 420 3202 budae
446 3146 547 3220 vesica
562 3155 728 3217 tingentem
747 3161 780 3200 ea
798 3145 976 3202 confidentia
993 3145 1164 3219 scripsisse,
1197 3157 1233 3204 ut
1244 3136 1320 3221 jam
1350 3147 1351 3204 1

101 3245 105 3254 ’
203 3280 220 3320 ἵ,
241 3256 298 3294 neo
324 3237 468 3315 diligentia
493 3237 680 3307 necjudicio
705 3235 761 3294 sibi
785 3253 861 3308 opns
884 3237 974 3292 fnisse
992 3237 1118 3309 putarit,
1146 3244 1322 3294 contentus
1350 3279 1351 3338 i

148 3373 152 3382 .
243 3329 374 3394 effutire,
399 3327 540 3400 quicquid
558 3325 738 3395 veilegerit,
762 3324 811 3380 vei
833 3329 863 3381 in
879 3324 1009 3401 buccam
1026 3326 1149 3383 venerit.
1186 3325 1321 3402 Quibus
1350 3355 1351 3394 t

242 3420 485 3500 molestissimum
498 3425 543 3472 est
553 3418 753 3488 respondere,
770 3427 804 3471 ut
821 3415 849 3470 in
866 3415 974 3488 quibus
988 3434 1046 3492 nec
1059 3417 1207 3488 ingenium
1220 3433 1322 3474 exer.
1350 3409 1351 3504 i

183 3500 191 3524 ⁸
243 3527 330 3577 cere,
357 3529 414 3568 nec
428 3509 625 3566 eruditionem
649 3506 727 3564 alere
745 3505 859 3579 possis,
887 3517 917 3563 et
942 3516 1041 3564 tamen
1065 3508 1191 3582 optimas
1212 3507 1321 3566 horas
1350 3507 1351 3512 ’

243 3604 367 3676 perdere
384 3603 510 3672 cogaris.
545 3599 686 3671 Suspieor
699 3637 708 3666 ,
723 3597 878 3654 hominem
895 3598 1057 3654 credidisse
1074 3597 1245 3656 Lutherurn
1263 3609 1326 3658 aut

243 3711 260 3748 e
277 3695 375 3748 medio
393 3694 563 3758 subtatum,
587 3701 636 3745 aut
652 3699 797 3761 perpetuo
813 3688 930 3744 silentio
947 3689 1118 3745 damnatum
1135 3705 1221 3760 esse,
1246 3709 1324 3764 qno

243 3799 363 3839 rursum
382 3783 473 3838 libere
491 3783 642 3853 publicum
659 3791 840 3850 occuparent
853 3779 1004 3851 tyrannide
1022 3779 1202 3850 sophistica,
1220 3785 1321 3855 cujus

174 3931 176 3934 ,
245 3876 421 3929 imminutae
432 3873 548 3926 ruinam
564 3870 741 3925 meterem
758 3885 856 3923 meam
874 3870 994 3941 cuipam
1011 3869 1136 3937 faciunt,
1154 3881 1241 3944 atque
1253 3876 1324 3929 uti.
1350 3903 1351 3948 p

238 3983 311 4022 nam
328 3965 414 4038 plena
431 3973 510 4020 esset
526 3963 629 4034 ruina,
656 3960 790 4048 utpiena
805 3959 864 4022 nan
879 3960 967 4034 ¹culpa
984 3961 1093 4036 septies
1107 3961 1323 4032 inamissibili
1350 3959 1351 4032 i

1350 4053 1351 4100 i
