2676 4574
213 239 303 365 rit
408 277 474 348 .’
569 288 571 296 ‘
699 289 789 362 152³.

121 435 128 449 ⁸
213 454 291 534 enirn
315 453 354 508 ibi
379 462 536 526 parentum
558 447 700 529 autoritas
726 461 755 508 et
778 450 906 525 liliorum
931 419 1119 517 obedientia,
1145 447 1273 521 atqae¹i

211 535 290 597 hanc
308 541 405 598 laudat
420 545 527 612 Deus,
547 560 635 615 quarn
653 555 683 608 et
701 529 900 611 tanto‘rigore
919 549 1115 612 praeceperat
1134 539 1166 594 in
1179 540 1274 594 Deca-

209 635 291 702 logo.
327 635 383 696 Sed
402 635 473 706 quid
490 635 583 702 haec,
605 649 699 704 rogo,
723 635 759 686 atl
775 631 962 688 monasticen
980 631 1177 701 sacrilegam,
1205 647 1272 700 quae

210 725 274 780 fere
288 741 409 795 semper
421 733 525 804 contra
537 735 692 796 parentum
703 721 891 778 autoritatem
904 719 980 778 lilios
993 719 1134 787 attrahit,
1153 731 1182 774 et
1196 739 1273 792 prot.

50 839 52 850 ⁴
135 865 152 877 ,
210 828 263 870 sus
276 815 427 885 'extinguit
445 814 645 870 obedientiam
663 814 741 868 illant
761 813 899 881 divinitus
917 820 1077 880 statutam,
1090 827 1154 866 sua
1168 811 1275 866 abomi-

80 971 84 980 .
117 931 120 936 ·
209 905 316 975 nubili,
335 905 497 961 execrabili
517 913 546 958 ct
561 903 691 960 electitia
709 903 901 958 obedientia?

269 1005 328 1058 ‘Tu
346 1005 435 1076 impia
453 1003 575 1060 Cuculla
585 1043 594 1072 ‚
612 1005 643 1070 2)
669 1004 737 1074 quis
755 986 785 1058 te
803 997 905 1058 docuit
922 1000 1036 1056 divinas
1054 1013 1153 1055 voces
1171 999 1218 1056 sic
1240 998 1278 1054 ia.

209 1095 385 1166 terpretari,
404 1104 437 1150 ut
455 1095 563 1150 oculos
581 1093 611 1148 itt
628 1111 720 1166 opera
738 1094 801 1148 sola
818 1093 934 1162 figens,
948 1089 1156 1146 obedientiam
1174 1101 1205 1144 et
1219 1091 1278 1144 Dei

133 1211 136 1226 ·
211 1185 338 1240 verbum
349 1182 379 1253 3)
399 1187 558 1257 ominosa,
578 1185 606 1239 id
624 1183 706 1257 quod
724 1185 760 1240 de
778 1183 886 1238 divinis
900 1181 1073 1254 praeceptis
1090 1181 1209 1236 dictum
1221 1195 1278 1248 est,

137 1274 140 1280 '
207 1283 352 1352 torqueas
370 1285 516 1348 perpetuo
535 1276 569 1330 ad
588 1273 806 1330 manachorum
824 1273 981 1329 temeraria
1006 1261 1106 1328 studia
1123 1279 1156 1325 et
1179 1271 1280 1326 insen.

108 1408 112 1418 .
207 1365 330 1420 tiones?
364 1365 414 1420 Da
438 1375 591 1435 parentem
617 1365 850 1436 praecipientem
875 1362 962 1431 liliis,
989 1371 1020 1417 et
1043 1362 1145 1450 adhuc
1165 1361 1278 1430 dicam,

208 1466 351 1533 oportere
378 1456 404 1510 ei
432 1456 558 1512 obediri.
592 1455 665 1510 Non
690 1455 760 1527 quia
783 1468 891 1526 pareus
908 1453 1008 1510 homo*
1020 1452 1065 1508 sic
1082 1453 1237 1525 praecipit
1253 1463 1280 1507 et

209 1547 345 1615 ordinat,
365 1548 418 1602 sed
438 1547 506 1619 quia
523 1547 611 1602 Deus
629 1555 791 1618 praecepto
809 1561 867 1600 suo
884 1545 962 1599 illius
979 1553 1182 1616 praeceptum
1200 1543 1279 1598 insti.

208 1636 283 1703 tuit,
308 1647 337 1692 et
364 1637 564 1692 obedientiam
582 1635 684 1706 exigit.
720 1635 749 1692 si
767 1651 842 1690 vero
860 1621 1099 1704 Schatageyertts
1117 1641 1204 1688 recte
1222 1633 1279 1688 hoc

209 1729 385 1800 exemplum
406 1720 438 1792 i)
465 1735 585 1796 tractat,
610 1741 736 1786 necesse
762 1734 827 1793 est,
854 1725 1022 1780 monachos
1050 1740 1120 1780 esse
1146 1727 1278 1782 carnales

208 1830 346 1891 parentes
365 1833 490 1874 suorum
512 1817 747 1888 monachorum:
774 1815 800 1870 si
824 1823 964 1886 parentes
986 1831 1049 1870 non
1074 1824 1168 1880 sunt,
1193 1831 1278 1888 quam

209 1910 307 1989 dignis
325 1909 424 1964 modis
442 1909 588 1980 seipsum
606 1908 682 1962 ridet
698 1915 757 1960 tant
770 1905 906 1976 stupidus
919 1905 1069 1970 conatur,
1091 1899 1278 1960 nannetem

139 2028 143 2041 .
171 2005 178 2018 “
210 2001 384 2071 exemplum
401 1999 559 2071 paternalis
577 1990 608 2062 ⁵)
627 1997 793 2060 autoritatis
812 2005 841 2051 et
858 1996 953 2052 filialis
975 1994 1189 2070 obedientiae,
1211 1997 1278 2050 utri.

209 2107 308 2160 usque
326 2089 426 2166 nDeo
445 2089 613 2157 institutae,
631 2089 667 2143 ad
683 2089 825 2144 larvatam
836 2081 864 2150 ⁶)
883 2085 962 2142 illam
979 2086 1142 2144 hominum
1155 2097 1277 2142 etsom.

209 2179 268 2234 niis
294 2180 489 2249 excogitatam
515 2179 579 2234 sine
597 2179 692 2234 verbo
709 2179 771 2234 Dei
796 2178 985 2234 autoritatem
1009 2187 1039 2233 et
1063 2177 1275 2234 obedientius.

198 2269 242 2326 .0.
257 2269 433 2326 Monachos
451 2267 556 2324 idiotas
574 2279 604 2344 et
620 2277 744 2324 truncos
766 2267 942 2323 insensatae.
976 2269 1040 2322 Vos
1064 2268 1185 2324 audetis
1208 2269 1275 2324 scri.

208 2357 283 2414 bere
301 2357 417 2414 libros?
435 2350 467 2422 ⁷)
1110 2343 1120 2384 3

277 2455 367 2511 Certe
385 2465 541 2526 parentum
559 2456 697 2510 autoritas
714 2443 813 2528 major
830 2452 878 2516 “est
895 2455 977 2513 omui
1000 2458 1179 2527 autoritate,
1207 2475 1277 2530 qnae

210 2546 268 2602 'sub
283 2547 356 2602 Deo
375 2557 431 2604 est.
464 2547 545 2602 Nam
556 2549 628 2606 nulli
639 2541 669 2616 ⁸)
688 2547 812 2604 dubium
824 2559 888 2618 est,
907 2539 978 2621 quin
997 2549 1082 2606 lsaac
1100 2560 1191 2605 recte
1204 2553 1278 2606 lece.

209 2638 267 2702 rit,
292 2637 436 2694 obediens
459 2639 534 2710 patri
556 2653 614 2692 suo
632 2637 785 2693 Abrabam
803 2631 832 2705 ⁹)
850 2639 885 2692 ad
908 2635 1057 2709 mortem,
1084 2656 1158 2699 cunt
1183 2655 1278 2695 tuneo

129 2747 132 2754 ·
208 2727 285 2782 nihil
303 2745 318 2781 a
337 2727 406 2783 Deo
424 2727 462 2796 ¹⁰)
480 2729 593 2784 dictum
611 2737 691 2784 esset
708 2717 811 2798 Isaac,
836 2730 892 2786 nisi
914 2730 976 2814 hoq
999 2745 1109 2786 nnuma
1138 2733 1278 2788 Honora

104 2819 106 2827 ⁴
207 2811 347 2881 Patrem
364 2827 423 2873 etc.
457 2819 588 2874 Proinde
608 2819 635 2874 si
648 2828 773 2889 paterna
791 2819 951 2892 autoritas,
968 2821 1018 2874 ubi
1034 2837 1088 2876 res
1107 2823 1277 2893 poscat,¹¹)

208 2903 240 2963 in
257 2908 346 2962 vitam
371 2919 400 2962 et
424 2901 536 2980 corpus
560 2925 682 2981 quoque
706 2909 754 2966 filii
780 2911 964 2976 dominatur,
989 2919 1067 2966 utet
1084 2913 1276 2968 occiderect

209 2998 342 3052 vendere
355 2999 471 3069 possit,
485 3009 517 3053 ut
532 2998 632 3054 Exodi
645 2999 744 3054 XXll.
760 2999 919 3056 scribitur:
937 2981 1008 3074 *quid
1019 3003 1092 3057 novi
1106 3013 1172 3072 est,
1193 3005 1225 3060 in
1236 3022 1277 3058 es.

210 3105 278 3144 cam
295 3099 322 3142 et
339 3100 457 3144 vestem
476 3106 598 3162 quoque
616 3090 782 3146 dominari?
816 3091 874 3146 Sed
898 3107 960 3148 non
980 3107 1057 3154 mox
1082 3094 1153 3148 talia
1174 3109 1276 3150 exem

167 3225 173 3233 .
208 3180 257 3252 pla
275 3181 315 3247 ¹²)
338 3173 510 3252 patentibus
538 3181 625 3234 etiam
652 3180 722 3252 ipsis
748 3180 885 3236 imitanda
915 3191 1001 3251 sunt,
1029 3183 1112 3240 sicut
1140 3187 1276 3240 fecerunt

209 3287 297 3340 reges
314 3271 424 3340 lsrael,
448 3269 651 3326 sacrificantes
677 3271 825 3348 exemplo
837 3271 978 3326 Abrahae
1003 3271 1081 3328 filios
1100 3290 1177 3332 suos
1199 3277 1275 3332 idolo

209 3359 367 3428 Moloch,'
388 3360 518 3442 arbitrati
536 3357 574 3423 ¹³)
599 3375 630 3412 se
652 3359 724 3414 Deo
747 3359 928 3431 obsequium
954 3373 1118 3434 praestare.
1155 3365 1275 3440 Quanto

207 3452 306 3506 minua
326 3452 395 3506 licet
411 3450 527 3506 homini
540 3451 696 3522 cuiquam,
715 3451 887 3523 quiparens
899 3461 1035 3522 nonest,
1054 3457 1121 3510 sine
1134 3455 1274 3525 singulari

258 3685 471 3748 exitentes.
509 3703 532 3752 ai
547 3700 605 3746 vn.
621 3701 834 3758 septentrione.
879 3671 1135 3757 siries-errasti.
1174 3710 1198 3760 t)
1218 3709 1271 3754 vn

199 3773 305 3823 ‚l1.e.r.
349 3775 444 3826 sivit.
459 3775 560 3833 patriae.
604 3775 698 3829 tivit.
714 3780 738 3823 et
752 3781 898 3838 praereptae
912 3779 941 3824 ad
955 3779 1082 3826 larvalem.
1106 3781 1271 3840 ’Νηρηὶ

209 3851 290 3897 lamen
304 3847 392 3894 audent
406 3847 515 3894 seribere
529 3847 613 3894 libros.
662 3846 830 3903 sivituon.
882 3857 904 3905 9)
919 3853 976 3900 l'it.
992 3855 1113 3901 Abrabae.
1166 3861 1201 3908 11))
1215 3857 1270 3902 t‘it

108 3939 110 3944 ·
209 3921 373 3968 aDeottilril.
425 3919 678 3981 titulationem
730 3927 766 3974 12>
785 3925 844 3971 vtt.
866 3925 912 3973 Sed
929 3927 971 3974 tal.
986 3941 1025 3974 ex.
1041 3941 1092 3976 uon
1111 3929 1170 3977 ideo
1183 3931 1263 3986 stetin

208 3995 245 4043 tn
258 3994 316 4041 vlt.
331 3995 485 4041 arbitrantes.
