2672 4568
235 291 296 355 202
341 361 345 369 ,
714 287 804 361 1522ss

235 435 368 520 impietas
385 461 433 506 aut
451 467 554 516 error,
578 453 628 524 qui
645 469 705 508 nou
724 431 753 507 in
769 453 883 522 majore
900 461 984 526 parte
1007 442 1142 506 haeserit
1158 449 1288 521 pertine.

233 540 297 594 cius
316 539 343 594 in
363 539 460 595 littem.
496 541 614 597 Utinam
636 559 675 596 ex
698 544 807 614 aliquot
835 539 977 598 cordibus
995 541 1084 596 isthic
1109 539 1198 594 evelli
1213 554 1288 612 pos.

139 657 149 668 ·
234 631 289 686 sita
307 644 473 720 argumenta
490 644 588 687 tamen
606 649 710 687 eorum
725 631 800 687 nihil
817 643 931 702 urgent.

297 807 431 866 Primum
448 810 519 866 illud
536 809 649 866 Marci:
666 811 729 888 Qui
740 810 911 868 crediderit
928 819 956 865 et
974 807 1158 886 baptisatus
1166 807 1285 879 suerit,

139 895 141 904 ’
231 909 290 954 ctc.
316 901 470 972 quomodo
495 901 678 974 probabunt,
704 903 843 974 parvulos
869 919 929 956 uon
955 903 1102 956 credere?
1128 903 1179 956 An
1204 899 1287 971 quod

231 1003 292 1043 uon
310 997 459 1046 ostentant
476 989 586 1048 fidem?
603 994 643 1046 At
653 991 710 1046 bac
721 991 836 1054 ratione
851 1007 950 1063 neque
961 1007 1017 1046 nos
1029 991 1140 1045 erimus
1159 991 1287 1048 creden.

231 1089 296 1144 tes,
314 1081 385 1134 dunt
401 1079 583 1150 domuimus,
602 1081 735 1149 edimus,
753 1081 935 1149 laboramrt'S,
953 1091 1002 1135 aut
1014 1079 1092 1134 aliud
1110 1093 1202 1152 quam
1220 1097 1286 1132 cre.

215 1157 301 1224 ‘'dere
325 1171 470 1228 iacimus?
496 1169 587 1246 Quod
613 1189 683 1242 ergo
699 1172 787 1227 nobis
812 1187 953 1238 somnus,
978 1171 1040 1225 hoc
1058 1171 1117 1226 illis
1134 1171 1285 1226 infantiam

203 1249 207 1258 ’
230 1275 300 1314 esse
324 1241 499 1331 censemus,
525 1273 555 1318 et
576 1263 773 1335 perverbum
796 1263 856 1318 Dei
880 1263 1041 1318 exorcisati
1059 1259 1195 1316 Salonam
1213 1277 1284 1314 cum

230 1350 361 1404 oratione
385 1350 540 1408 Ecclesiae
566 1353 733 1422 credimus,
757 1366 818 1410 non
841 1353 919 1407 enim
944 1354 1048 1410 irus'tra
1067 1351 1130 1406 exit
1154 1350 1284 1404 verbum

228 1438 291 1494 Dei
301 1479 310 1507 ,
328 1456 367 1494 ex
384 1456 437 1516 ore
461 1429 540 1510 suo,
562 1453 638 1497 teste
655 1441 754 1513 Esaia.
778 1437 930 1510 LV‚'(11.)
967 1442 1052 1514 Apud
1069 1455 1119 1494 me
1136 1441 1212 1494 nihil
1231 1441 1285 1494 dit.

227 1529 285 1584 sert
302 1529 498 1600 perverbum
516 1515 651 1586 cohverti
669 1533 799 1588 adultum
815 1543 844 1587 et
861 1532 1035 1604 parvuhim,
1053 1531 1115 1584 imo
1133 1531 1163 1584 in
1182 1529 1283 1584 adtrito

227 1620 295 1691 plus
321 1629 367 1676 est
385 1621 555 1678 rebellionis
574 1633 676 1685 contra
697 1622 840 1690 verbum,
866 1631 934 1696 puta
952 1623 1115 1685 rationem,
1141 1619 1285 1692 sapienti.

229 1725 295 1780 am,
322 1713 549 1783 experientiam,
575 1695 633 1768 etc.
668 1711 810 1784 Baptisari
826 1730 900 1767 vero
918 1711 982 1782 igne
1001 1723 1032 1766 et
1047 1711 1155 1783 Spiritu
1174 1723 1281 1766 sancto

227 1799 307 1856 idem
328 1812 392 1868 est,
418 1801 445 1858 id
471 1811 536 1868 est,
561 1801 622 1856 dari
640 1803 776 1874 spiritum
802 1813 937 1857 sanctum
959 1801 1166 1868 credentibus,
1196 1801 1234 1854 ita
1252 1811 1283 1855 ut

162 1877 167 1892 ⁴
227 1905 282 1964 per
299 1909 369 1946 eum
392 1892 490 1946 omnia
511 1905 633 1963 peccata
651 1893 894 1962 submergantur,
922 1892 993 1948 etsi
1012 1903 1280 1962 quaeremaneut,

225 1999 283 2056 pro
300 1981 448 2054 absorptis
474 1993 597 2054 propter
614 1983 712 2055 ipsum
733 1983 917 2054 habeantur..
941 1982 1020 2054 Lege
1037 1981 1170 2058 Philippi
1189 1983 1277 2036 locos

152 2120 155 2129 .
227 2089 403 2128 communes
429 2073 465 2126 de
488 2089 579 2144 aquae
603 2071 842 2146 baptismatibus:
865 2071 999 2128 doaunes
1024 2083 1135 2128 tantum
1158 2073 1278 2142 signum

227 2163 308 2218 dedit
324 2179 379 2218 suo
396 2161 585 2234 baptismate,
603 2173 631 2217 et
648 2163 721 2231 legis
739 2161 903 2218 doctrinam
921 2163 1122 2233 significabat,
1137 2161 1278 2218 Christus

228 2265 257 2309 et
275 2253 391 2326 signum
409 2265 439 2308 et
455 2269 519 2308 rem
538 2254 603 2322 dat,
622 2270 696 2336 quae
718 2263 765 2313 est
780 2253 871 2323 gratia
887 2252 1011 2324 Spiritus
1027 2253 1123 2308 sancti
1140 2253 1276 2308 exhibita

222 2363 282 2420 per
298 2325 449 2414 Evangelii
467 2347 647 2402 doctrinam:
673 2345 762 2416 igitur
777 2346 855 2400 sicut
871 2347 1010 2417 parvulos
1027 2345 1171 2412 credere,
1192 2345 1232 2400 ita
1249 2360 1275 2400 et
1334 2351 1335 2356 ’

227 2436 294 2506 igne
310 2435 448 2506 baptisari
465 2435 602 2490 dicimus.
638 2436 749 2494 Contra
768 2451 822 2491 eos
839 2451 912 2492 vero
930 2435 958 2490 id
970 2445 1093 2508 pugnat,
1112 2435 1198 2506 quod
1215 2451 1277 2506 par.

170 2565 173 2572 .
225 2527 286 2581 vuli
304 2525 331 2581 in
350 2527 441 2582 lsrael
467 2526 757 2582 circumcidebantur
779 2539 885 2582 octava
902 2527 970 2593 die,
993 2544 1067 2598 quae
1085 2527 1277 2582 circumcisio

191 2639 200 2664 ι
227 2611 288 2672 erat
305 2617 421 2688 signum
440 2615 503 2672 lidei
521 2617 550 2672 in
569 2617 721 2673 Christum
730 2619 880 2686 iutumm,
898 2633 972 2690 quae
990 2617 1095 2672 eratin
1111 2615 1275 2672 Abraham.

227 2706 255 2762 Si
274 2724 344 2776 ergo
362 2707 459 2764 ethic
477 2707 624 2775 dixerint,
643 2698 780 2778 parvulus
797 2725 858 2763 uon
875 2707 1055 2776 credidisse,
1080 2724 1151 2777 ergo
1168 2699 1276 2766 bosni

147 2788 152 2808 ⁸
225 2797 422 2853 circumcisos
440 2814 526 2866 esse,
544 2807 683 2852 occurret
701 2797 744 2850 eis
761 2797 900 2852 Christus
918 2797 1028 2852 Matth.
1048 2797 1136 2852 xlx:
1160 2799 1276 2852 cumei

225 2887 339 2958 parvuli
357 2887 552 2958 offerrentur,
571 2898 604 2942 ut
621 2897 753 2958 tangeret
766 2889 841 2960 eos,
854 2896 883 2944 et
901 2901 999 2943 oraret
1017 2905 1070 2960 pro
1090 2889 1152 2958 eis,
1169 2899 1202 2944 et
1219 2889 1275 2946 dis-

225 2977 324 3056 cipuli¹
335 2993 387 3032 eos
405 2979 606 3048 prohiberent,
624 2979 713 3035 dixitt
736 2977 837 3032 Sinite
851 2977 1006 3050 parvulos
1024 2979 1131 3034 uenire
1147 2981 1196 3034 act
1210 2999 1274 3050 me,

223 3067 339 3123 horum
364 3075 411 3122 cst
436 3069 518 3136 enim
540 3065 675 3144 replumi
700 3069 867 3124 coelorum.
911 3069 967 3124 llic
996 3069 1150 3126 Christum
1176 3087 1274 3142 neque

222 3159 357 3228 mentiri,
374 3159 637 3240 neque'figurative
655 3159 736 3232 loqui
754 3173 880 3216 necesse
899 3171 960 3230 est,
987 3177 1056 3216 cum
1073 3161 1110 3216 de
1128 3163 1205 3234 ipsis
1224 3163 1275 3218 ob.
1332 3199 1333 3218 i

223 3250 287 3305 latis
307 3247 437 3322 parvulis
463 3250 616 3322 loquatur,
645 3261 674 3306 et
698 3267 819 3320 regnum
844 3253 997 3306 coelorum
1017 3268 1083 3306 esse
1100 3271 1162 3308 non
1178 3256 1274 3325 possit
1332 3261 1333 3266 ’

223 3340 278 3394 uisi
302 3339 495 3394 credentium.
531 3339 575 3394 lta
598 3341 762 3412 baptismus
790 3351 833 3396 est
850 3341 964 3412 signum
990 3341 1054 3397 fidei
1073 3341 1103 3396 in
1121 3342 1273 3398 Christum

223 3443 394 3504 praesenter
417 3441 605 3500 regnantem,
630 3446 720 3502 quare
744 3433 925 3502 accipientes
950 3433 1048 3505 ipsum
1065 3435 1201 3506 parsuli,
1227 3453 1274 3490 ne.

161 3561 164 3572 .
184 3579 185 3584 ἵ
224 3539 312 3578 cesse
332 3532 377 3578 est
394 3523 505 3577 similes
523 3521 580 3577 illis
599 3517 784 3578 circumcisis
802 3521 914 3580 haberi.
949 3524 976 3582 Si
996 3542 1066 3594 ergo
1084 3525 1272 3582 circumcisio

224 3613 309 3668 dabat
326 3613 381 3668 illis
399 3631 521 3684 regnum
540 3612 715 3682 coelorum,
741 3631 795 3667 cur
811 3631 871 3668 non
889 3625 917 3669 et
933 3615 1116 3685 baptismus?
1138 3633 1272 3688 praescr.

224 3705 278 3758 tim
299 3719 368 3758 cum
386 3703 436 3757 hic
454 3705 575 3758 accedat
592 3691 782 3758 sauhtiiicatiu
806 3707 999 3774 perverbum
1017 3719 1046 3761 et
1062 3707 1226 3762 orationem
1245 3719 1272 3762 et
1331 3685 1332 3702 ἵ

122 3815 127 3824 ·
223 3794 312 3848 iidem
330 3793 484 3848 Ecclesiae
502 3793 652 3848 offerentis
665 3793 720 3848 hos
731 3795 871 3870 parvulos
890 3796 1030 3864 Christo,
1046 3811 1075 3852 et
1092 3797 1223 3867 orantis,
1242 3813 1271 3852 ut

183 3898 187 3910 ¹
209 3885 327 3956 ‚marrus
346 3899 413 3938 suas
431 3883 473 3940 eis
486 3882 617 3956 imponat
634 3894 663 3938 et
678 3903 733 3956 pro
746 3886 789 3942 eis
802 3897 879 3942 oret.
914 3887 1024 3942 Verum
1034 3887 1121 3944 latius
1138 3903 1270 3962 agemus,

225 3974 251 4029 si
268 3991 372 4044 urgere
389 3974 542 4046 coeperint
558 3973 662 4046 palam.
