2736 4564
554 295 644 362 1⁵21.
809 283 820 350 ἱ
1090 301 1131 364 ss
1180 355 1185 374 .

64 448 260 508 desereremt
277 449 356 521 imo,
375 453 401 508 si
418 451 485 515 alibi
502 456 590 510 etiam
608 457 761 526 docerem,
780 473 849 512 cum
865 457 976 530 ubique
990 459 1029 514 sit
1043 457 1131 514 Chri.

63 551 149 608 stus,
177 541 260 596 idem
276 543 376 611 soret,
402 560 436 598 ac
460 543 489 606 si,
507 544 746 617 Wittembergae
772 547 934 602 docerem:
960 565 1130 620 quanquam
1202 535 1206 553 '

63 648 126 685 non
150 632 253 687 ambio
278 650 378 705 neque
404 633 579 690 cathedram
601 653 698 708 neque
724 646 915 706 suggestum,
941 655 997 692 nec
1014 639 1130 708 uspiam
1189 655 1192 666 ’

63 723 230 778 concedam
249 742 286 780 eo
303 726 443 794 nomine,
461 725 518 784 nisi
535 727 654 782 sortiter
670 743 805 782 vocatus.
839 727 907 784 Scio
919 745 981 782 non
995 721 1132 784 essedo.

61 824 182 868 ctorem
199 830 239 870 ex
257 813 329 870 Deo
338 857 349 884 ,
367 817 417 888 qui
435 831 489 872 sua
507 828 616 889 sponte
631 818 721 875 venit.
757 817 908 873 Hactenus
925 819 986 888 lugi
1004 819 1131 875 docendi

61 919 192 958 munus:
217 921 310 960 nemo
332 891 451 984 speret,
478 923 526 962 me
544 908 773 964 alium'sensum
788 907 980 966 habiturumt
1009 925 1131 981 semper

61 993 181 1062 fugiam.
218 994 247 1060 Si
264 995 345 1050 enim
363 995 572 1066 ambirissem,
596 1013 660 1052 non
686 999 715 1052 in
740 999 819 1056 hanc
842 999 1033 1056 solitudinem
1056 1015 1130 1058 con.

65 1085 233 1139 sensissem
249 1083 391 1157 unquam.

126 1174 229 1232 Jonas
256 1177 361 1232 scribit
383 1193 468 1249 spem
493 1177 604 1246 bonam
629 1178 665 1234 de
682 1165 882 1236 decretalibus
900 1182 1069 1253 papisticis:
1086 1191 1129 1236 'tu

62 1265 150 1334 ride,
175 1278 210 1320 ut
232 1267 380 1336 perlicere
398 1268 518 1339 spiritus
536 1269 652 1338 possit,
679 1281 728 1324 tua
754 1281 848 1342 opera
872 1287 956 1326 usus.
992 1271 1049 1326 Sed
1065 1287 1130 1345 Asu.

63 1374 118 1427 pra
134 1355 215 1412 vires
231 1373 315 1412 meas
333 1365 396 1426 est,
425 1359 506 1444 quod
529 1359 624 1431 petis,
654 1369 688 1415 ut
712 1362 855 1430 gymnasii
881 1361 1037 1419 christiani
1066 1365 1129 1418 lor.
1228 1401 1233 1415 .

62 1463 142 1500 mam
159 1463 239 1501 unus
257 1447 475 1518 praescribam:
499 1449 665 1504 multorum
684 1451 808 1504 consilia
825 1461 854 1506 et
866 1451 978 1523 judicia
996 1453 1129 1523 postulat
1214 1521 1221 1534 ἱ

62 1537 136 1592 haec
145 1555 214 1592 res:
233 1537 325 1594 habes
336 1539 573 1610 Wittembergae
586 1539 719 1608 abunde,
737 1542 787 1614 qui
797 1543 915 1612 possint
925 1542 952 1596 id
963 1553 1130 1614 praestare.

112 1627 273 1698 Optimum
290 1629 386 1696 foret,
411 1638 443 1684 ut
460 1629 633 1683 universum
646 1629 698 1700 jus
716 1629 902 1702 pontificium
927 1649 1056 1702 prorsus
1075 1649 1130 1688 ex.

63 1717 253 1792 cluderetur:
270 1729 335 1772 tum
352 1717 509 1789 Principes
532 1719 708 1792 aliquando,
725 1720 825 1776 animo
843 1731 966 1792 accepto
976 1763 987 1790 ,
1006 1721 1132 1796 jurisdi2

62 1810 194 1864 ctionem
219 1820 251 1864 et
275 1825 419 1871 censuras
443 1809 514 1866 istas
541 1811 658 1880 penitus
676 1811 863 1882 antiquorem
890 1812 920 1867 in
947 1813 1009 1868 auis
1026 1815 1127 1869 terris.

63 1899 246 1953 Audendum
272 1899 351 1953 enim
375 1908 436 1968 est,
466 1899 491 1953 si
515 1900 586 1971 quid
609 1915 750 1968 magnum
773 1909 803 1954 et
829 1901 958 1955 salutare
975 1919 1127 1972 paramus.

61 1985 146 2045 Nam
164 1989 221 2044 nisi
232 1989 403 2060 jurisdictio
421 1989 477 2044 ista
494 1989 638 2058 sacrilega
650 1989 812 2058 abrogetur
824 1999 854 2044 et
860 1991 958 2060 jaceat
964 2031 973 2059 ,
985 1992 1037 2060 jus
1051 2010 1127 2064 pon.

64 2077 146 2134 tilicii
161 2079 268 2134 veneni
287 2078 354 2150 quis
372 2078 532 2135 excludet?
550 2077 644 2134 Meus
662 2077 712 2134 hic
723 2075 838 2148 hospes
849 2075 879 2146 ⁴)
897 2080 1008 2150 optime
1018 2083 1128 2152 coepit,

65 2166 210 2224 censuras
228 2166 396 2240 prohibens
409 2165 473 2235 **):
503 2167 528 2222 si
544 2167 702 2238 Principes
719 2168 841 2223 nomine
863 2183 924 2224 suo
948 2169 977 2241 id
994 2171 1126 2242 nollent,
1224 2161 1228 2172 ⁸

63 2259 286 2314 dissimularent
301 2268 401 2323 tamen
426 2256 453 2310 id
473 2255 537 2311 fieri
559 2273 613 2328 per
631 2271 705 2312 suos
723 2257 925 2328 praesideset
936 2259 1128 2334 judicemini

62 2349 106 2404 sic
124 2347 433 2424 paulatim'irreperet
446 2345 476 2399 in
493 2345 619 2414 orbem,
637 2363 674 2401 ne
691 2345 759 2417 quis
773 2347 1014 2420 secundumjnra
1026 2349 1126 2420 Papae

60 2438 160 2510 possit
175 2437 300 2505 vexari,
326 2437 381 2492 sed
398 2436 564 2491 secundum
580 2451 685 2491 mores
711 2445 741 2491 et
757 2437 832 2492 ritus
850 2437 1008 2508 regionum
1026 2441 1127 2502 ornain

60 2537 330 2601 componerentur.
822 2531 825 2538 '
1006 2595 1008 2602 ,

124 2618 274 2674 Valetudo
291 2633 358 2672 mea
374 2615 485 2686 habet,
501 2625 536 2672 ut
552 2617 647 2674 levius
666 2635 801 2688 egeram,
818 2619 956 2674 violentis
974 2629 1004 2675 et
1019 2630 1127 2698 poten.
1148 2631 1154 2642 “

60 2697 267 2765 ribus'vexata
283 2707 439 2764 remediis:
458 2707 511 2761 sed
527 2715 632 2762 natura
649 2706 822 2778 digestionis
839 2707 912 2764 nihil
929 2717 1076 2777 mutatur,
1095 2719 1126 2766 et
1147 2724 1154 2737 ·

60 2802 189 2856 saucedo
216 2807 413 2871 perseverat,
442 2813 532 2868 quam
559 2797 699 2869 suspicor
723 2813 938 2878 processuram
967 2799 997 2854 in
1025 2799 1123 2870 majus

55 2893 186 2962 molum,
205 2889 388 2960 percutiente
403 2901 453 2940 me
471 2887 608 2942 Domino
627 2889 792 2942 secundum
809 2887 968 2943 veritatem
986 2905 1080 2944 suarm
1174 2956 1175 2965 ἵ

124 2981 213 3055 Quae
237 2978 290 3032 hio
311 2979 399 3033 mitto
422 2976 536 3048 reliqua
553 2975 712 3046 Postillae,
738 2976 857 3040 curabis
875 2979 1122 3050 praecedentibus

59 3073 193 3144 adjungi,
223 3081 254 3125 et
271 3067 505 3138 Wittcmbergae
528 3067 637 3123 excudi
661 3085 732 3138 prae
750 3068 902 3124 omnibus.
931 3069 1016 3125 'Nam
1040 3073 1122 3127 festi.

58 3163 156 3230 urbo,
184 3171 220 3230 up
246 3159 400 3214 denarium
418 3157 652 3227 Evangeliorum
679 3157 850 3214 absolutum
874 3161 1043 3215 emittamus
1061 3178 1118 3232 pro
1187 3172 1191 3182 ’

58 3269 119 3306 uno
136 3251 234 3306 libro:
251 3259 380 3320 quatuor
398 3246 576 3326 Doininicas
594 3247 783 3325 transieram,
801 3248 960 3326 etreliqua
975 3249 1119 3319 adjiciam.
1221 3283 1224 3290 ·

59 3341 152 3416 Quod
170 3341 263 3408 facio,
287 3354 325 3392 ne
342 3337 418 3391 liber
434 3336 526 3406 nimio
543 3351 666 3406 magnus
685 3345 797 3395 terreat
815 3337 945 3406 legentes
971 3347 1001 3393 et
1017 3355 1121 3394 emen.
1222 3361 1234 3372 ·

58 3443 123 3490 tos:
146 3429 237 3486 simul
263 3437 297 3483 ut
323 3427 441 3482 interim
467 3423 632 3510 habeatur,
658 3425 740 3497 quod
763 3426 903 3481 discatur.
936 3427 971 3482 ln
992 3426 1117 3484 Christo

56 3527 139 3594 vale,
157 3535 260 3580 etora
276 3537 333 3593 pro
350 3535 409 3576 me.
443 3515 494 3594 Ex
507 3515 641 3584 Eremo,
659 3517 753 3587 vigilia
765 3507 848 3598 Petri
859 3517 1020 3588 vinculati,
1039 3537 1115 3576 anno

57 3612 215 3672 nloxxl.

724 3739 727 3744 ¹
747 3671 901 3732 Martinus
918 3673 1084 3734 Lutlrcrus.

106 3845 130 3892 ⁸)
144 3841 196 3890 vit
209 3835 448 3892 emarcuerant
461 3837 507 3881 oca
520 3833 660 3897 westburt.

105 3919 143 3968 ”J
159 3917 195 3966 tte
207 3915 282 3967 necet
295 3913 330 3960 bie
343 3911 473 3962 scetantur
486 3909 525 3958 crs
537 3906 673 3982 nilotidis
685 3906 964 3968 &cantiorrrnpntsra
990 3910 1043 3960 mat
1052 3911 1112 3966 pap

57 3991 114 4045 latet
127 3991 155 4043 is
169 3989 233 4040 nolit
248 3987 301 4042 nata
316 3985 433 4042 [desinit
447 3993 472 4038 au
487 3984 591 4040 arturo.

139 4069 199 4148 sat
227 4062 274 4132 11.
641 4119 643 4132 .
867 4017 909 4126 ‘a'
