2736 4564
168 221 172 228 ·
334 213 346 238 s

263 287 277 334 Ἰ
414 357 417 364 ,
568 289 660 360 1521·
1105 287 1148 362 21³

72 461 138 502 nec
155 445 260 516 audis,
275 454 309 505 ut
325 457 431 522 parcas
448 447 514 508 tibit
533 451 601 508 ideo
617 459 646 508 te
663 465 769 510 seusus
780 457 848 508 tuus
860 449 941 507 ducit
952 449 1145 524 singlrltriter.

73 535 187 592 Toties
203 537 267 594 hoe
284 539 430 610 inclamo,
446 543 498 598 sed
514 541 608 598 toties
618 543 710 598 surdo
728 541 857 598 fabulam
874 553 971 598 uarro.
1153 531 1155 541 '

66 615 85 644 ³
143 625 199 682 De
225 628 401 714 gladiijure
425 632 468 686 sio
484 633 603 700 sentio,
627 642 659 688 ut
675 633 766 704 prius.
801 632 882 688 Nam
899 641 933 687 tu
948 631 1147 690 mihivideris

73 725 182 788 petere
207 728 257 774 aut
281 722 474 791 mandatum,
503 732 551 778 aut
567 723 725 790 consilium
742 739 782 778 ex
800 721 963 793 Evangelio
981 739 1073 794 super
1088 725 1148 780 hac

72 823 130 864 re:
147 807 179 864 'tu
194 817 371 881 quot'ecum
384 813 468 884 plane
479 813 588 882 sentio,
604 819 701 886 deque
712 821 902 884 praeceptum
919 828 1018 886 neque
1029 813 1148 871 cousul-
1172 799 1177 804 ⁵

76 905 146 952 tum
157 895 183 966 ¹)
201 915 271 954 esse
289 901 435 973 ejusmodi
452 904 497 972 lus
514 904 545 960 in
563 901 742 974 Evangelio,
760 919 856 976 neque
874 895 1070 960 donveniebat
1085 894 1148 960 ullo

77 988 191 1056 modo,
217 989 502 1062 eum.Evangelium
527 995 566 1049 sit
589 995 640 1050 lex
657 995 892 1050 voluntariorum
916 1001 945 1049 et
966 993 1149 1062 liberum,

79 1078 192 1150 quibus
217 1080 292 1138 nihil
315 1097 385 1137 cum
411 1083 507 1154 gladio
533 1095 583 1140 aut
607 1085 692 1156 gladii
703 1089 782 1158 jure.
817 1085 874 1140 Sed
892 1101 949 1160 nep
967 1085 1148 1157 prohibitum

74 1177 125 1224 est
142 1171 207 1240 ejus
219 1172 290 1242 jus,
306 1172 369 1230 imo
386 1172 592 1230 coadunatum
609 1187 640 1232 et
653 1177 908 1243 commendatum,
926 1177 1011 1248 quod
1024 1189 1148 1248 prorsus

76 1259 118 1315 de
143 1261 223 1316 nulla
246 1265 462 1337 permissarum
485 1283 585 1323 rerum
602 1267 737 1338 legimus.
772 1267 853 1324 Nem
878 1275 906 1326 et
923 1267 1027 1339 injuria
1050 1277 1081 1324 et
1097 1283 1150 1324 ex·

77 1359 187 1408 terrae
210 1355 398 1412 ceremoniae
424 1374 522 1432 neque
546 1369 722 1430 praeceptae
738 1375 836 1433 neque
854 1361 1009 1416 consultae
1033 1368 1101 1414 sunt
1118 1359 1150 1414 in

76 1441 265 1514 Evangelio,
282 1447 335 1502 sed
351 1464 449 1520 neque
466 1449 524 1504 ulla
540 1451 747 1522 temporalium
764 1437 867 1506 rerum
880 1466 968 1506 cura:
987 1459 1074 1524 atque
1085 1466 1148 1506 non

76 1535 281 1592 conveniebat
305 1537 343 1592 de
361 1538 395 1594 iis
412 1539 570 1610 disponere
587 1539 771 1612 Evangelio.
800 1543 879 1615 quod
897 1543 995 1598 solum
1012 1543 1149 1613 spiritum

75 1624 109 1679 in
127 1640 182 1681 sua
200 1625 336 1682 libertate
352 1630 513 1702 disponitt·
526 1632 580 1686 sed
602 1633 733 1705 nunquid
752 1633 819 1689 ideo
838 1633 890 1704 jus
907 1649 970 1694 nou
987 1642 1032 1688 est
1048 1630 1148 1688 utendi

77 1715 242 1784 illis,·imo
266 1737 369 1776 nonne
393 1723 552 1778 necessitas
574 1722 665 1796 hujus
683 1724 760 1780 vitae
781 1725 904 1798 requirit
927 1723 1073 1796 ejusmodi
1094 1723 1148 1795 jus

77 1813 111 1860 et
128 1816 250 1866 atomi·
609 1825 616 1840 *

147 1898 216 1954 Tua
233 1900 307 1957 ratio
323 1901 449 1974 pulchre
462 1903 570 1959 laceret
579 1903 705 1978 aliquid,
722 1905 747 1961 si
759 1921 866 1961 omnes
879 1901 1035 1961 obedirent
1047 1903 1148 1958 Euan.

81 1989 180 2059 pelio:
198 1990 296 2047 ablato
319 1993 397 2048 enim
415 1995 511 2064 gladio
537 1997 624 2068 (com
640 2011 765 2052 necesse
782 1991 819 2054 s'it
834 1997 932 2052 malos
947 1996 1047 2066 plures
1063 1995 1147 2060 esse)

84 2097 176 2152 quam
193 2082 244 2138 ditt
260 2083 346 2140 stabit
354 2084 490 2140 Ecclesia
498 2085 559 2162 Dei
578 2087 605 2143 in
623 2085 686 2143 hoo
702 2089 843 2154 saeculo,
858 2102 928 2141 cum
939 2087 1040 2142 nullus
1048 2100 1148 2157 neque

82 2171 161 2227 vitae
177 2189 277 2245 neque
293 2187 395 2230 rerum
412 2191 487 2243 usu,
514 2193 584 2248 prae
608 2179 753 2234 m'alorum
777 2177 890 2232 licentia
903 2215 920 2246 a
930 2175 1016 2248 potiri
1041 2181 1147 2247 queat?

82 2261 142 2317 Sed
167 2270 200 2317 tu
216 2263 377 2326 rationibus
395 2275 424 2322 et
439 2267 683 2325 inconvenientiis
699 2285 761 2324 non
778 2269 822 2324 vis
840 2267 959 2340 urgeri,
981 2265 1034 2322 eed
1050 2264 1147 2338 Serip.

80 2353 165 2410 turis.
539 2355 544 2364 '

131 2441 309 2502 Dixiantea
320 2461 421 2520 neque
434 2457 626 2520 praeceptum
638 2467 736 2522 neque
748 2431 920 2506 consultum
931 2463 996 2503 esse
1008 2445 1146 2520 gladium,
1163 2491 1167 2496 .

80 2536 160 2592 sieut
174 2554 274 2610 neque
291 2539 382 2594 multa
400 2539 472 2595 alia:
491 2543 557 2595 es'se
574 2549 673 2596 tamen
690 2541 932 2596 commendatum
950 2549 978 2594 et
990 2537 1149 2593 confirma.

80 2635 164 2696 tum,
192 2628 270 2685 sicut
286 2631 337 2701 jus
353 2631 553 2698 matrimonii,
579 2631 659 2704 quod
683 2632 782 2686 itidem
806 2631 932 2685 nihilad
949 2629 1151 2697 Evangelium.

5 2789 7 2800 Ι
81 2719 222 2788 pertinet.
256 2719 359 2778 Habes
385 2723 465 2776 enim
488 2721 662 2778 iohannem
686 2723 846 2794 Baptistam
869 2719 970 2776 Lucae
989 2719 1071 2788 111„
1095 2717 1150 2789 qui

82 2809 192 2866 milites
208 2811 330 2867 instituit
345 2812 465 2868 dicens:
496 2813 666 2868 Neminem
683 2813 889 2882 concutiatis,
906 2829 1004 2887 neque
1021 2809 1147 2866 ouium:
1169 2827 1172 2834 “

82 2902 174 2986 nium
180 2899 344 2974 socialis:
367 2903 426 2960 sed
440 2911 536 2960 estote
554 2905 695 2960 contenti
710 2903 879 2977 stipendiis
896 2903 1019 2958 vermis.
1055 2900 1145 2956 Certe

80 2993 136 3048 nisi
147 2992 200 3064 jus
218 2993 304 3062 gladii
319 2993 476 3060 heberent,
494 2993 653 3066 prohibere
671 2993 783 3061 debuit,
800 3011 868 3048 oum
886 2993 925 3047 illi
940 2991 1148 3066 quaestionem

83 3091 165 3138 tuam
183 3085 303 3157 proprie
319 3095 494 3152 moverent,
519 3083 668 3144 dicentes:
695 3085 782 3162 Quid
793 3083 910 3161 fucere
933 3090 963 3138 et
979 3099 1039 3138 nos
1056 3077 1147 3136 debe.

83 3179 179 3231 mus?
214 3174 272 3231 llic
296 3176 453 3231 institutam
476 3192 538 3234 non
554 3175 665 3243 habes,
692 3175 895 3231 confirmatam
926 3184 1024 3240 tamen
1050 3171 1148 3226 habes

83 3267 229 3332 militiam„
258 3267 371 3324 Nonne
389 3269 522 3338 cogitas,
547 3269 643 3322 multo
661 3267 803 3323 difficilius
821 3283 887 3324 esse
905 3265 974 3334 tibi,
1002 3264 1070 3338 quid
1096 3279 1144 3317 re.

81 3359 232 3430 spondeas
248 3360 318 3414 satis
333 3359 415 3414 hunc
432 3359 531 3416 locum
549 3369 649 3414 eontra
666 3365 694 3413 te
711 3357 925 3414 adducentibus
940 3397 951 3427 ,
968 3371 1054 3428 quam
1073 3349 1144 3426 quid

84 3450 138 3504 tibi
152 3450 391 3520 respondeatur?
417 3449 529 3506 Paulus
549 3455 574 3504 l·
590 3449 724 3504 Timoth.
745 3449 787 3504 ΙΙ.
797 3448 885 3520 jubet
901 3464 986 3516 orare
1004 3463 1058 3518 pro
1077 3438 1145 3514 lais,

86 3541 179 3612 quiin
197 3541 377 3596 sublimitate
401 3537 549 3596 constituti
566 3550 654 3607 sunt,
679 3539 820 3612 exemplo
835 3537 985 3592 Jeremiae
1002 3554 1057 3608 pro
1075 3539 1145 3607 iege
1169 3519 1197 3626 ἱ

85 3629 319 3702 Babyloniorum
345 3645 430 3684 orare
451 3630 608 3702 jubentis:
636 3641 667 3685 et
690 3647 751 3684 non
768 3627 855 3698 jubet
872 3641 957 3682 orare
974 3635 1078 3682 contra
1095 3643 1147 3681 su.
1241 3695 1248 3703 ·

84 3719 241 3776 blimitatrs
276 3729 413 3792 tanquam
447 3737 512 3780 rem
542 3719 591 3776 vel
624 3717 824 3792 prohibitam,
858 3717 906 3772 vel
929 3717 1045 3774 'nullius
1068 3717 1172 3790 jutis·

85 3818 273 3868 existentem.

134 4003 154 4052 t)
168 3999 226 4050 ευ,
240 3997 288 4046 tritt
301 3995 363 4049 utut
377 3996 522 4054 eonsilium,
536 3995 592 4052 stul
605 3995 707 4053 tamaii
718 3995 814 4051 latitem
828 3994 1102 4074 siracusanum,
