<?xml version="1.0" encoding="UTF-8"?>
<!DOCTYPE html PUBLIC "-//W3C//DTD XHTML 1.0 Transitional//EN"
    "http://www.w3.org/TR/xhtml1/DTD/xhtml1-transitional.dtd">
<html xmlns="http://www.w3.org/1999/xhtml" xml:lang="en" lang="en">
 <head>
  <title>
</title>
<meta http-equiv="Content-Type" content="text/html;charset=utf-8" />
  <meta name='ocr-system' content='tesseract 3.04.00' />
  <meta name='ocr-capabilities' content='ocr_page ocr_carea ocr_par ocr_line ocrx_word'/>
</head>
<body>
  <div class='ocr_page' id='page_1' title='image "./briefesendschre09luthgoog/briefesendschre09luthgoog_0471.png"; bbox 0 0 2672 4554; ppageno 0'>
   <div class='ocr_carea' id='block_1_1' title="bbox 235 231 804 357">
    <p class='ocr_par' dir='ltr' id='par_1_1' title="bbox 235 231 804 357">
     <span class='ocr_line' id='line_1_1' title="bbox 235 231 804 357; baseline 0.005 -3"><span class='ocrx_word' id='word_1_1' title='bbox 235 281 303 354; x_wconf 82' lang='grc' dir='ltr'><strong>ιιι.</strong></span> <span class='ocrx_word' id='word_1_2' title='bbox 428 231 433 237; x_wconf 50' lang='grc'><strong>’</strong></span> <span class='ocrx_word' id='word_1_3' title='bbox 713 287 804 357; x_wconf 77' lang='lat' dir='ltr'>tras.</span> 
     </span>
    </p>
   </div>
   <div class='ocr_carea' id='block_1_2' title="bbox 233 441 1279 517">
    <p class='ocr_par' dir='ltr' id='par_1_2' title="bbox 233 441 1279 517">
     <span class='ocr_line' id='line_1_2' title="bbox 233 441 1279 517; baseline 0.004 -17"><span class='ocrx_word' id='word_1_4' title='bbox 233 441 342 516; x_wconf 74' lang='lat' dir='ltr'>quibus</span> <span class='ocrx_word' id='word_1_5' title='bbox 355 444 453 502; x_wconf 85' lang='lat' dir='ltr'>subito</span> <span class='ocrx_word' id='word_1_6' title='bbox 466 443 555 502; x_wconf 80' lang='lat' dir='ltr'>eximi</span> <span class='ocrx_word' id='word_1_7' title='bbox 565 461 628 502; x_wconf 87' lang='lat' dir='ltr'>nort</span> <span class='ocrx_word' id='word_1_8' title='bbox 640 449 734 517; x_wconf 85' lang='lat' dir='ltr'>potuit</span> <span class='ocrx_word' id='word_1_9' title='bbox 750 457 810 504; x_wconf 85' lang='lat' dir='ltr'>tam</span> <span class='ocrx_word' id='word_1_10' title='bbox 820 453 908 504; x_wconf 83' lang='lat' dir='ltr'>vetus</span> <span class='ocrx_word' id='word_1_11' title='bbox 919 453 955 502; x_wconf 84' lang='lat' dir='ltr'>el</span> <span class='ocrx_word' id='word_1_12' title='bbox 971 441 1107 513; x_wconf 75' lang='lat' dir='ltr'>insolita,</span> <span class='ocrx_word' id='word_1_13' title='bbox 1121 461 1179 500; x_wconf 87' lang='lat' dir='ltr'>nee</span> <span class='ocrx_word' id='word_1_14' title='bbox 1198 444 1279 504; x_wconf 72' lang='lat' dir='ltr'>bruti</span> 
     </span>
    </p>
   </div>
   <div class='ocr_carea' id='block_1_3' title="bbox 115 531 1285 606">
    <p class='ocr_par' dir='ltr' id='par_1_3' title="bbox 115 531 1285 606">
     <span class='ocr_line' id='line_1_3' title="bbox 115 531 1285 606; baseline -0.001 -16"><span class='ocrx_word' id='word_1_15' title='bbox 115 531 125 541; x_wconf 83' lang='grc'><strong>“</strong></span> <span class='ocrx_word' id='word_1_16' title='bbox 232 541 293 590; x_wconf 87' lang='lat' dir='ltr'>tam</span> <span class='ocrx_word' id='word_1_17' title='bbox 310 550 418 590; x_wconf 84' lang='lat' dir='ltr'>recens</span> <span class='ocrx_word' id='word_1_18' title='bbox 435 545 464 591; x_wconf 85' lang='lat' dir='ltr'>et</span> <span class='ocrx_word' id='word_1_19' title='bbox 477 533 591 598; x_wconf 80' lang='lat' dir='ltr'>insueta</span> <span class='ocrx_word' id='word_1_20' title='bbox 608 536 682 592; x_wconf 88' lang='lat' dir='ltr'>ratio</span> <span class='ocrx_word' id='word_1_21' title='bbox 699 537 815 592; x_wconf 86' lang='lat' dir='ltr'>colendi</span> <span class='ocrx_word' id='word_1_22' title='bbox 832 535 911 605; x_wconf 88' lang='lat' dir='ltr'>Dei,</span> <span class='ocrx_word' id='word_1_23' title='bbox 933 547 998 592; x_wconf 86' lang='lat' dir='ltr'>tum</span> <span class='ocrx_word' id='word_1_24' title='bbox 1015 535 1150 590; x_wconf 83' lang='lat' dir='ltr'>maxime</span> <span class='ocrx_word' id='word_1_25' title='bbox 1167 543 1285 606; x_wconf 71' lang='lat' dir='ltr'>propte</span> 
     </span>
    </p>
   </div>
   <div class='ocr_carea' id='block_1_4' title="bbox 194 623 1287 2048">
    <p class='ocr_par' dir='ltr' id='par_1_4' title="bbox 194 623 1287 1224">
     <span class='ocr_line' id='line_1_4' title="bbox 232 623 1282 698; baseline 0 -18"><span class='ocrx_word' id='word_1_26' title='bbox 232 623 315 680; x_wconf 88' lang='lat' dir='ltr'>leves</span> <span class='ocrx_word' id='word_1_27' title='bbox 331 623 399 680; x_wconf 85' lang='lat' dir='ltr'>illos</span> <span class='ocrx_word' id='word_1_28' title='bbox 416 633 446 680; x_wconf 87' lang='lat' dir='ltr'>et</span> <span class='ocrx_word' id='word_1_29' title='bbox 460 623 630 681; x_wconf 82' lang='lat' dir='ltr'>fastidiosos</span> <span class='ocrx_word' id='word_1_30' title='bbox 648 623 787 698; x_wconf 83' lang='lat' dir='ltr'>spiritus,</span> <span class='ocrx_word' id='word_1_31' title='bbox 807 626 857 697; x_wconf 82' lang='lat' dir='ltr'>qui</span> <span class='ocrx_word' id='word_1_32' title='bbox 876 641 932 680; x_wconf 89' lang='lat' dir='ltr'>ceu</span> <span class='ocrx_word' id='word_1_33' title='bbox 948 629 1019 682; x_wconf 80' lang='lat' dir='ltr'>sues</span> <span class='ocrx_word' id='word_1_34' title='bbox 1037 624 1215 680; x_wconf 74' lang='lat' dir='ltr'>immundae</span> <span class='ocrx_word' id='word_1_35' title='bbox 1230 623 1282 680; x_wconf 84' lang='lat' dir='ltr'>riae</span> 
     </span>
     <span class='ocr_line' id='line_1_5' title="bbox 234 713 1285 787; baseline -0.002 -17"><span class='ocrx_word' id='word_1_36' title='bbox 234 713 302 782; x_wconf 79' lang='lat' dir='ltr'>tle,</span> <span class='ocrx_word' id='word_1_37' title='bbox 321 713 383 772; x_wconf 85' lang='lat' dir='ltr'>siue</span> <span class='ocrx_word' id='word_1_38' title='bbox 400 724 502 772; x_wconf 84' lang='lat' dir='ltr'>mente</span> <span class='ocrx_word' id='word_1_39' title='bbox 517 715 644 784; x_wconf 87' lang='lat' dir='ltr'>irruunt,</span> <span class='ocrx_word' id='word_1_40' title='bbox 662 726 692 771; x_wconf 86' lang='lat' dir='ltr'>et</span> <span class='ocrx_word' id='word_1_41' title='bbox 709 715 795 774; x_wconf 76' lang='lat' dir='ltr'>solita</span> <span class='ocrx_word' id='word_1_42' title='bbox 811 715 941 775; x_wconf 83' lang='lat' dir='ltr'>novitate</span> <span class='ocrx_word' id='word_1_43' title='bbox 958 714 1101 787; x_wconf 76' lang='lat' dir='ltr'>gaudent,</span> <span class='ocrx_word' id='word_1_44' title='bbox 1125 723 1219 786; x_wconf 82' lang='lat' dir='ltr'>atque</span> <span class='ocrx_word' id='word_1_45' title='bbox 1236 724 1285 768; x_wconf 80' lang='lat' dir='ltr'>sta.</span> 
     </span>
     <span class='ocr_line' id='line_1_6' title="bbox 231 802 1285 880; baseline 0.001 -20"><span class='ocrx_word' id='word_1_46' title='bbox 231 803 285 860; x_wconf 88' lang='lat' dir='ltr'>tim</span> <span class='ocrx_word' id='word_1_47' title='bbox 308 813 341 859; x_wconf 88' lang='lat' dir='ltr'>ut</span> <span class='ocrx_word' id='word_1_48' title='bbox 360 805 477 876; x_wconf 80' lang='lat' dir='ltr'>novitas</span> <span class='ocrx_word' id='word_1_49' title='bbox 501 821 570 862; x_wconf 82' lang='lat' dir='ltr'>ease</span> <span class='ocrx_word' id='word_1_50' title='bbox 592 805 698 874; x_wconf 82' lang='lat' dir='ltr'>desiit,</span> <span class='ocrx_word' id='word_1_51' title='bbox 722 816 872 864; x_wconf 85' lang='lat' dir='ltr'>nauseant.</span> <span class='ocrx_word' id='word_1_52' title='bbox 907 804 980 880; x_wconf 78' lang='lat' dir='ltr'>Quo</span> <span class='ocrx_word' id='word_1_53' title='bbox 1001 821 1114 876; x_wconf 72' lang='lat' dir='ltr'>genere</span> <span class='ocrx_word' id='word_1_54' title='bbox 1131 802 1285 861; x_wconf 77' lang='lat' dir='ltr'>bominum</span> 
     </span>
     <span class='ocr_line' id='line_1_7' title="bbox 231 893 1286 966; baseline 0.002 -14"><span class='ocrx_word' id='word_1_55' title='bbox 231 908 305 952; x_wconf 76' lang='lat' dir='ltr'>oum</span> <span class='ocrx_word' id='word_1_56' title='bbox 321 895 351 952; x_wconf 90' lang='lat' dir='ltr'>in</span> <span class='ocrx_word' id='word_1_57' title='bbox 366 894 457 952; x_wconf 84' lang='lat' dir='ltr'>rebus</span> <span class='ocrx_word' id='word_1_58' title='bbox 473 895 599 952; x_wconf 69' lang='lat' dir='ltr'>casuris</span> <span class='ocrx_word' id='word_1_59' title='bbox 616 895 689 952; x_wconf 87' lang='lat' dir='ltr'>nihil</span> <span class='ocrx_word' id='word_1_60' title='bbox 706 906 753 952; x_wconf 89' lang='lat' dir='ltr'>est</span> <span class='ocrx_word' id='word_1_61' title='bbox 769 895 938 966; x_wconf 82' lang='lat' dir='ltr'>molestius,</span> <span class='ocrx_word' id='word_1_62' title='bbox 954 906 1020 954; x_wconf 85' lang='lat' dir='ltr'>tum</span> <span class='ocrx_word' id='word_1_63' title='bbox 1036 894 1068 952; x_wconf 86' lang='lat' dir='ltr'>in</span> <span class='ocrx_word' id='word_1_64' title='bbox 1086 893 1185 950; x_wconf 82' lang='lat' dir='ltr'>rebus</span> <span class='ocrx_word' id='word_1_65' title='bbox 1201 894 1286 954; x_wconf 68' lang='lat' dir='ltr'>aterio</span> 
     </span>
     <span class='ocr_line' id='line_1_8' title="bbox 194 979 1284 1060; baseline 0 -22"><span class='ocrx_word' id='word_1_66' title='bbox 194 1025 204 1038; x_wconf 90' lang='grc'><em>,</em></span> <span class='ocrx_word' id='word_1_67' title='bbox 231 994 302 1042; x_wconf 81' lang='lat' dir='ltr'>sunt</span> <span class='ocrx_word' id='word_1_68' title='bbox 324 984 526 1044; x_wconf 74' lang='lat' dir='ltr'><strong>molestissimi</strong></span> <span class='ocrx_word' id='word_1_69' title='bbox 550 994 580 1042; x_wconf 88' lang='lat' dir='ltr'>et</span> <span class='ocrx_word' id='word_1_70' title='bbox 604 979 820 1050; x_wconf 62' lang='lat' dir='ltr'>intolerabiles:</span> <span class='ocrx_word' id='word_1_71' title='bbox 845 987 999 1060; x_wconf 81' lang='lat' dir='ltr'>quamvis,</span> <span class='ocrx_word' id='word_1_72' title='bbox 1022 995 1057 1040; x_wconf 92' lang='lat' dir='ltr'>ut</span> <span class='ocrx_word' id='word_1_73' title='bbox 1076 1001 1211 1057; x_wconf 83' lang='lat' dir='ltr'>mmpor</span> <span class='ocrx_word' id='word_1_74' title='bbox 1233 986 1284 1052; x_wconf 82' lang='lat' dir='ltr'>ira,</span> 
     </span>
     <span class='ocr_line' id='line_1_9' title="bbox 231 1073 1287 1148; baseline 0 -19"><span class='ocrx_word' id='word_1_75' title='bbox 231 1075 310 1135; x_wconf 80' lang='lat' dir='ltr'>ferre</span> <span class='ocrx_word' id='word_1_76' title='bbox 334 1074 401 1130; x_wconf 85' lang='lat' dir='ltr'>illos</span> <span class='ocrx_word' id='word_1_77' title='bbox 419 1089 532 1144; x_wconf 80' lang='lat' dir='ltr'>cogor,</span> <span class='ocrx_word' id='word_1_78' title='bbox 557 1074 613 1132; x_wconf 88' lang='lat' dir='ltr'>niti</span> <span class='ocrx_word' id='word_1_79' title='bbox 629 1075 720 1132; x_wconf 83' lang='lat' dir='ltr'>velim</span> <span class='ocrx_word' id='word_1_80' title='bbox 744 1085 775 1134; x_wconf 83' lang='lat' dir='ltr'>et</span> <span class='ocrx_word' id='word_1_81' title='bbox 790 1073 1012 1146; x_wconf 75' lang='lat' dir='ltr'>Evangelium&#39;</span> <span class='ocrx_word' id='word_1_82' title='bbox 1004 1090 1109 1148; x_wconf 79' lang='lat' dir='ltr'>speum</span> <span class='ocrx_word' id='word_1_83' title='bbox 1130 1091 1153 1129; x_wconf 83' lang='lat' dir='ltr'>e</span> <span class='ocrx_word' id='word_1_84' title='bbox 1171 1073 1287 1146; x_wconf 83' lang='lat' dir='ltr'>publico</span> 
     </span>
     <span class='ocr_line' id='line_1_10' title="bbox 227 1165 346 1224; baseline -0.046 0"><span class='ocrx_word' id='word_1_85' title='bbox 227 1165 346 1224; x_wconf 74' lang='lat' dir='ltr'>tollere.</span> 
     </span>
    </p>

    <p class='ocr_par' dir='ltr' id='par_1_5' title="bbox 226 1239 1285 1865">
     <span class='ocr_line' id='line_1_11' title="bbox 282 1239 1285 1328; baseline -0.001 -16.987"><span class='ocrx_word' id='word_1_86' title='bbox 282 1239 352 1311; x_wconf 79' lang='lat' dir='ltr'>¹&#39;Sed</span> <span class='ocrx_word' id='word_1_87' title='bbox 375 1271 448 1312; x_wconf 85' lang='lat' dir='ltr'>oum</span> <span class='ocrx_word' id='word_1_88' title='bbox 468 1255 532 1328; x_wconf 89' lang='lat' dir='ltr'>jam</span> <span class='ocrx_word' id='word_1_89' title='bbox 549 1270 618 1328; x_wconf 83' lang='lat' dir='ltr'>spes</span> <span class='ocrx_word' id='word_1_90' title='bbox 635 1255 693 1322; x_wconf 89' lang='lat' dir='ltr'>sit,</span> <span class='ocrx_word' id='word_1_91' title='bbox 717 1255 880 1312; x_wconf 89' lang='lat' dir='ltr'>multorom</span> <span class='ocrx_word' id='word_1_92' title='bbox 904 1255 995 1310; x_wconf 87' lang='lat' dir='ltr'>corda</span> <span class='ocrx_word' id='word_1_93' title='bbox 1013 1269 1070 1326; x_wconf 87' lang='lat' dir='ltr'>per</span> <span class='ocrx_word' id='word_1_94' title='bbox 1086 1253 1215 1326; x_wconf 70' lang='lat' dir='ltr'>gretiam</span> <span class='ocrx_word' id='word_1_95' title='bbox 1230 1253 1285 1310; x_wconf 85' lang='lat' dir='ltr'>Dei</span> 
     </span>
     <span class='ocr_line' id='line_1_12' title="bbox 228 1343 1284 1418; baseline -0.002 -18"><span class='ocrx_word' id='word_1_96' title='bbox 228 1343 370 1404; x_wconf 83' lang='lat' dir='ltr'>illustrata</span> <span class='ocrx_word' id='word_1_97' title='bbox 387 1361 454 1402; x_wconf 81' lang='lat' dir='ltr'>etse</span> <span class='ocrx_word' id='word_1_98' title='bbox 471 1358 500 1402; x_wconf 92' lang='lat' dir='ltr'>et</span> <span class='ocrx_word' id='word_1_99' title='bbox 511 1345 666 1414; x_wconf 84' lang='lat' dir='ltr'>roborata,</span> <span class='ocrx_word' id='word_1_100' title='bbox 684 1345 806 1418; x_wconf 85' lang='lat' dir='ltr'>ipsaque</span> <span class='ocrx_word' id='word_1_101' title='bbox 818 1361 867 1402; x_wconf 85' lang='lat' dir='ltr'>res</span> <span class='ocrx_word' id='word_1_102' title='bbox 881 1353 1015 1418; x_wconf 83' lang='lat' dir='ltr'>poscat,</span> <span class='ocrx_word' id='word_1_103' title='bbox 1020 1355 1053 1400; x_wconf 90' lang='lat' dir='ltr'>ut</span> <span class='ocrx_word' id='word_1_104' title='bbox 1070 1344 1284 1400; x_wconf 82' lang='lat' dir='ltr'>tandemsean.</span> 
     </span>
     <span class='ocr_line' id='line_1_13' title="bbox 228 1435 1285 1508; baseline -0.002 -16"><span class='ocrx_word' id='word_1_105' title='bbox 228 1437 292 1492; x_wconf 87' lang='lat' dir='ltr'>dnla</span> <span class='ocrx_word' id='word_1_106' title='bbox 304 1437 445 1492; x_wconf 86' lang='lat' dir='ltr'>tollantur</span> <span class='ocrx_word' id='word_1_107' title='bbox 456 1437 492 1492; x_wconf 84' lang='lat' dir='ltr'>de</span> <span class='ocrx_word' id='word_1_108' title='bbox 504 1453 597 1508; x_wconf 78' lang='lat' dir='ltr'>regno</span> <span class='ocrx_word' id='word_1_109' title='bbox 608 1435 740 1505; x_wconf 83' lang='lat' dir='ltr'>Christi,</span> <span class='ocrx_word' id='word_1_110' title='bbox 757 1435 923 1492; x_wconf 83' lang='lat' dir='ltr'>audendum</span> <span class='ocrx_word' id='word_1_111' title='bbox 934 1445 981 1492; x_wconf 88' lang='lat' dir='ltr'>est</span> <span class='ocrx_word' id='word_1_112' title='bbox 993 1435 1138 1508; x_wconf 83' lang='lat' dir='ltr'>aliquid&#39;</span> <span class='ocrx_word' id='word_1_113' title='bbox 1129 1452 1163 1502; x_wconf 82' lang='lat' dir='ltr'>m</span> <span class='ocrx_word' id='word_1_114' title='bbox 1173 1436 1285 1490; x_wconf 80' lang='lat' dir='ltr'>notatim</span> 
     </span>
     <span class='ocr_line' id='line_1_14' title="bbox 229 1525 1285 1598; baseline -0.003 -18"><span class='ocrx_word' id='word_1_115' title='bbox 229 1525 350 1580; x_wconf 81' lang='lat' dir='ltr'>Christi.</span> <span class='ocrx_word' id='word_1_116' title='bbox 383 1525 506 1582; x_wconf 82' lang='lat' dir='ltr'>Justum</span> <span class='ocrx_word' id='word_1_117' title='bbox 523 1533 570 1582; x_wconf 85' lang='lat' dir='ltr'>est</span> <span class='ocrx_word' id='word_1_118' title='bbox 587 1525 666 1582; x_wconf 87' lang='lat' dir='ltr'>enim</span> <span class='ocrx_word' id='word_1_119' title='bbox 676 1563 686 1592; x_wconf 90' lang='lat'>,</span> <span class='ocrx_word' id='word_1_120' title='bbox 710 1535 744 1581; x_wconf 86' lang='lat' dir='ltr'>ut</span> <span class='ocrx_word' id='word_1_121' title='bbox 761 1526 810 1582; x_wconf 84' lang='lat' dir='ltr'>vel</span> <span class='ocrx_word' id='word_1_122' title='bbox 826 1526 928 1598; x_wconf 81' lang='lat' dir='ltr'>paucis</span> <span class='ocrx_word' id='word_1_123' title='bbox 944 1525 1164 1591; x_wconf 83' lang='lat' dir='ltr'>consulamus,</span> <span class='ocrx_word' id='word_1_124' title='bbox 1184 1525 1285 1580; x_wconf 80' lang='lat' dir='ltr'>nedum</span> 
     </span>
     <span class='ocr_line' id='line_1_15' title="bbox 226 1614 1285 1689; baseline -0.003 -19"><span class='ocrx_word' id='word_1_125' title='bbox 226 1626 371 1689; x_wconf 85' lang='lat' dir='ltr'>perpetuo</span> <span class='ocrx_word' id='word_1_126' title='bbox 383 1617 534 1672; x_wconf 86' lang='lat' dir='ltr'>levitatem</span> <span class='ocrx_word' id='word_1_127' title='bbox 552 1625 581 1672; x_wconf 85' lang='lat' dir='ltr'>et</span> <span class='ocrx_word' id='word_1_128' title='bbox 598 1615 724 1670; x_wconf 88' lang='lat' dir='ltr'>abusum</span> <span class='ocrx_word' id='word_1_129' title='bbox 736 1614 856 1672; x_wconf 88' lang='lat' dir='ltr'>illorum</span> <span class='ocrx_word' id='word_1_130' title='bbox 869 1615 1064 1672; x_wconf 80' lang='lat' dir='ltr'>formidemus</span> <span class='ocrx_word' id='word_1_131' title='bbox 1077 1656 1088 1685; x_wconf 93' lang='lat'>‚</span> <span class='ocrx_word' id='word_1_132' title='bbox 1106 1615 1202 1670; x_wconf 81' lang='lat' dir='ltr'>nullis</span> <span class='ocrx_word' id='word_1_133' title='bbox 1211 1633 1285 1687; x_wconf 89' lang='lat' dir='ltr'>pror.</span> 
     </span>
     <span class='ocr_line' id='line_1_16' title="bbox 228 1700 1284 1773; baseline -0.001 -11"><span class='ocrx_word' id='word_1_134' title='bbox 228 1721 281 1762; x_wconf 82' lang='lat' dir='ltr'>eus</span> <span class='ocrx_word' id='word_1_135' title='bbox 299 1704 512 1773; x_wconf 76' lang='lat' dir='ltr'>consulamus,</span> <span class='ocrx_word' id='word_1_136' title='bbox 530 1713 560 1760; x_wconf 88' lang='lat' dir='ltr'>et</span> <span class='ocrx_word' id='word_1_137' title='bbox 577 1704 647 1758; x_wconf 87' lang='lat' dir='ltr'>dum</span> <span class='ocrx_word' id='word_1_138' title='bbox 664 1700 790 1760; x_wconf 74' lang='lat' dir='ltr'>istorum</span> <span class='ocrx_word' id='word_1_139' title='bbox 808 1705 906 1761; x_wconf 81' lang='lat' dir='ltr'>futura</span> <span class='ocrx_word' id='word_1_140' title='bbox 922 1705 1060 1760; x_wconf 83' lang='lat' dir='ltr'>scandala</span> <span class='ocrx_word' id='word_1_141' title='bbox 1081 1721 1197 1761; x_wconf 80' lang='lat' dir='ltr'>cavere</span> <span class='ocrx_word' id='word_1_142' title='bbox 1209 1705 1284 1762; x_wconf 70' lang='lat' dir='ltr'>vete</span> 
     </span>
     <span class='ocr_line' id='line_1_17' title="bbox 226 1793 1086 1865; baseline -0.001 -13"><span class='ocrx_word' id='word_1_143' title='bbox 226 1811 313 1865; x_wconf 86' lang='lat' dir='ltr'>mus,</span> <span class='ocrx_word' id='word_1_144' title='bbox 330 1795 485 1850; x_wconf 82' lang='lat' dir='ltr'>universas</span> <span class='ocrx_word' id='word_1_145' title='bbox 503 1793 737 1850; x_wconf 74' lang='lat' dir='ltr'>abominationes</span> <span class='ocrx_word' id='word_1_146' title='bbox 755 1793 875 1850; x_wconf 90' lang='lat' dir='ltr'>illorum</span> <span class='ocrx_word' id='word_1_147' title='bbox 891 1794 1086 1853; x_wconf 78' lang='lat' dir='ltr'>roboremus.</span> 
     </span>
    </p>

    <p class='ocr_par' dir='ltr' id='par_1_6' title="bbox 225 1881 1284 2048">
     <span class='ocr_line' id='line_1_18' title="bbox 293 1881 1284 1958; baseline 0.004 -20"><span class='ocrx_word' id='word_1_148' title='bbox 293 1883 395 1958; x_wconf 81' lang='lat' dir='ltr'>Quare</span> <span class='ocrx_word' id='word_1_149' title='bbox 413 1885 452 1938; x_wconf 78' lang='lat' dir='ltr'>de&#39;</span> <span class='ocrx_word' id='word_1_150' title='bbox 467 1883 594 1939; x_wconf 83' lang='lat' dir='ltr'>tonnula</span> <span class='ocrx_word' id='word_1_151' title='bbox 611 1881 705 1955; x_wconf 80' lang='lat' dir='ltr'>aliqua</span> <span class='ocrx_word' id='word_1_152' title='bbox 721 1883 767 1958; x_wconf 88' lang='lat' dir='ltr'>pis</span> <span class='ocrx_word' id='word_1_153' title='bbox 784 1883 925 1940; x_wconf 84' lang='lat' dir='ltr'>misamdi</span> <span class='ocrx_word' id='word_1_154' title='bbox 944 1883 990 1942; x_wconf 82' lang='lat' dir='ltr'>(ut</span> <span class='ocrx_word' id='word_1_155' title='bbox 1005 1881 1143 1954; x_wconf 68' lang='lat' dir='ltr'>vocant)</span> <span class='ocrx_word' id='word_1_156' title='bbox 1165 1896 1193 1943; x_wconf 88' lang='lat' dir='ltr'>et</span> <span class='ocrx_word' id='word_1_157' title='bbox 1208 1901 1284 1942; x_wconf 83' lang='lat' dir='ltr'>eom-</span> 
     </span>
     <span class='ocr_line' id='line_1_19' title="bbox 225 1972 1281 2048; baseline 0.001 -18"><span class='ocrx_word' id='word_1_158' title='bbox 225 1975 411 2042; x_wconf 78' lang='lat' dir='ltr'>municattdi,</span> <span class='ocrx_word' id='word_1_159' title='bbox 427 1984 460 2030; x_wconf 89' lang='lat' dir='ltr'>ut</span> <span class='ocrx_word' id='word_1_160' title='bbox 476 1983 507 2030; x_wconf 82' lang='lat' dir='ltr'>et</span> <span class='ocrx_word' id='word_1_161' title='bbox 522 1983 555 2028; x_wconf 89' lang='lat' dir='ltr'>tu</span> <span class='ocrx_word' id='word_1_162' title='bbox 566 1972 721 2045; x_wconf 83' lang='lat' dir='ltr'>postulasti</span> <span class='ocrx_word' id='word_1_163' title='bbox 738 1972 825 2028; x_wconf 86' lang='lat' dir='ltr'>toties</span> <span class='ocrx_word' id='word_1_164' title='bbox 834 2013 844 2042; x_wconf 93' lang='lat'>,</span> <span class='ocrx_word' id='word_1_165' title='bbox 862 1973 973 2046; x_wconf 90' lang='lat' dir='ltr'>optime</span> <span class='ocrx_word' id='word_1_166' title='bbox 985 1972 1141 2044; x_wconf 61' lang='lat' dir='ltr'>Nicolad„</span> <span class='ocrx_word' id='word_1_167' title='bbox 1158 1991 1281 2048; x_wconf 71' lang='grc' dir='ltr'><strong>ιςιιιιιι,</strong></span> 
     </span>
    </p>
   </div>
   <div class='ocr_carea' id='block_1_5' title="bbox 142 2061 1285 2140">
    <p class='ocr_par' dir='ltr' id='par_1_7' title="bbox 142 2061 1285 2140">
     <span class='ocr_line' id='line_1_20' title="bbox 142 2061 1285 2140; baseline 0.002 -19"><span class='ocrx_word' id='word_1_168' title='bbox 142 2121 148 2129; x_wconf 85' lang='grc'><strong>,</strong></span> <span class='ocrx_word' id='word_1_169' title='bbox 226 2081 262 2121; x_wconf 86' lang='lat' dir='ltr'>so</span> <span class='ocrx_word' id='word_1_170' title='bbox 277 2065 321 2120; x_wconf 85' lang='lat' dir='ltr'>aio</span> <span class='ocrx_word' id='word_1_171' title='bbox 343 2079 480 2136; x_wconf 80' lang='lat' dir='ltr'>agemus,</span> <span class='ocrx_word' id='word_1_172' title='bbox 507 2073 618 2140; x_wconf 79' lang='lat' dir='ltr'>utnon</span> <span class='ocrx_word' id='word_1_173' title='bbox 640 2061 766 2134; x_wconf 83' lang='lat' dir='ltr'>amplius</span> <span class='ocrx_word' id='word_1_174' title='bbox 789 2063 888 2120; x_wconf 81' lang='lat' dir='ltr'>solum</span> <span class='ocrx_word' id='word_1_175' title='bbox 908 2063 1004 2120; x_wconf 82' lang='lat' dir='ltr'>verbo</span> <span class='ocrx_word' id='word_1_176' title='bbox 1021 2064 1186 2122; x_wconf 73' lang='lat' dir='ltr'>doctrine</span> <span class='ocrx_word' id='word_1_177' title='bbox 1202 2066 1285 2122; x_wconf 80' lang='lat' dir='ltr'>corda</span> 
     </span>
    </p>
   </div>
   <div class='ocr_carea' id='block_1_6' title="bbox 208 2154 1332 2593">
    <p class='ocr_par' dir='ltr' id='par_1_8' title="bbox 208 2154 1285 2593">
     <span class='ocr_line' id='line_1_21' title="bbox 226 2154 1283 2231; baseline 0 -18"><span class='ocrx_word' id='word_1_178' title='bbox 226 2170 380 2226; x_wconf 83' lang='lat' dir='ltr'>rogamus,</span> <span class='ocrx_word' id='word_1_179' title='bbox 404 2154 458 2210; x_wconf 84' lang='lat' dir='ltr'>sed</span> <span class='ocrx_word' id='word_1_180' title='bbox 475 2167 596 2210; x_wconf 89' lang='lat' dir='ltr'>manum</span> <span class='ocrx_word' id='word_1_181' title='bbox 613 2167 736 2231; x_wconf 84' lang='lat' dir='ltr'>quoque</span> <span class='ocrx_word' id='word_1_182' title='bbox 754 2166 953 2225; x_wconf 85' lang='lat' dir='ltr'>apportamus,</span> <span class='ocrx_word' id='word_1_183' title='bbox 978 2163 1007 2209; x_wconf 89' lang='lat' dir='ltr'>et</span> <span class='ocrx_word' id='word_1_184' title='bbox 1022 2155 1153 2228; x_wconf 83' lang='lat' dir='ltr'>publica</span> <span class='ocrx_word' id='word_1_185' title='bbox 1172 2157 1283 2213; x_wconf 76' lang='grc' dir='ltr'><strong>ιιιιιιιι.</strong></span> 
     </span>
     <span class='ocr_line' id='line_1_22' title="bbox 208 2240 1300 2328; baseline 0.002 -28"><span class='ocrx_word' id='word_1_186' title='bbox 208 2247 369 2317; x_wconf 62' lang='lat' dir='ltr'>,stratione</span> <span class='ocrx_word' id='word_1_187' title='bbox 394 2245 423 2299; x_wconf 91' lang='lat' dir='ltr'>in</span> <span class='ocrx_word' id='word_1_188' title='bbox 437 2259 525 2316; x_wconf 85' lang='lat' dir='ltr'>opus</span> <span class='ocrx_word' id='word_1_189' title='bbox 544 2240 761 2316; x_wconf 79' lang='lat' dir='ltr'>perducamus,</span> <span class='ocrx_word' id='word_1_190' title='bbox 786 2243 859 2298; x_wconf 76' lang='lat' dir='ltr'>n‘ulli</span> <span class='ocrx_word' id='word_1_191' title='bbox 881 2257 1004 2316; x_wconf 80' lang='lat' dir='ltr'>prorsus</span> <span class='ocrx_word' id='word_1_192' title='bbox 1021 2247 1300 2328; x_wconf 69' lang='lat' dir='ltr'>praejudicantes,</span> 
     </span>
     <span class='ocr_line' id='line_1_23' title="bbox 225 2309 1332 2408; baseline 0.002 -16"><span class='ocrx_word' id='word_1_193' title='bbox 225 2353 263 2392; x_wconf 84' lang='lat' dir='ltr'>ne</span> <span class='ocrx_word' id='word_1_194' title='bbox 281 2335 366 2390; x_wconf 86' lang='lat' dir='ltr'>aliam</span> <span class='ocrx_word' id='word_1_195' title='bbox 381 2333 518 2406; x_wconf 84' lang='lat' dir='ltr'>amplecti</span> <span class='ocrx_word' id='word_1_196' title='bbox 537 2344 567 2388; x_wconf 85' lang='lat' dir='ltr'>et</span> <span class='ocrx_word' id='word_1_197' title='bbox 577 2349 664 2408; x_wconf 78' lang='lat' dir='ltr'>sequa</span> <span class='ocrx_word' id='word_1_198' title='bbox 656 2333 771 2389; x_wconf 87' lang='lat' dir='ltr'>liceat.</span> <span class='ocrx_word' id='word_1_199' title='bbox 805 2331 888 2408; x_wconf 80' lang='lat' dir='ltr'>Quin</span> <span class='ocrx_word' id='word_1_200' title='bbox 904 2334 1054 2392; x_wconf 81' lang='lat' dir='ltr'>exanimo</span> <span class='ocrx_word' id='word_1_201' title='bbox 1066 2353 1127 2408; x_wconf 87' lang='lat' dir='ltr'>per</span> <span class='ocrx_word' id='word_1_202' title='bbox 1138 2309 1332 2394; x_wconf 53' lang='lat' dir='ltr'>Christ&amp;</span> 
     </span>
     <span class='ocr_line' id='line_1_24' title="bbox 226 2421 1285 2501; baseline 0.007 -22"><span class='ocrx_word' id='word_1_203' title='bbox 226 2425 437 2490; x_wconf 79' lang='lat' dir='ltr'>obsecramus,</span> <span class='ocrx_word' id='word_1_204' title='bbox 455 2431 489 2477; x_wconf 85' lang='lat' dir='ltr'>ut</span> <span class='ocrx_word' id='word_1_205' title='bbox 505 2421 529 2478; x_wconf 85' lang='lat' dir='ltr'>si</span> <span class='ocrx_word' id='word_1_206' title='bbox 547 2422 618 2496; x_wconf 88' lang='lat' dir='ltr'>qutd</span> <span class='ocrx_word' id='word_1_207' title='bbox 632 2421 735 2483; x_wconf 79' lang='lat' dir='ltr'>mellus</span> <span class='ocrx_word' id='word_1_208' title='bbox 754 2422 812 2479; x_wconf 88' lang='lat' dir='ltr'>illis</span> <span class='ocrx_word' id='word_1_209' title='bbox 829 2423 992 2479; x_wconf 82' lang='lat' dir='ltr'>revelatum</span> <span class='ocrx_word' id='word_1_210' title='bbox 1008 2425 1119 2493; x_wconf 79' lang='lat' dir='ltr'>fuerit,</span> <span class='ocrx_word' id='word_1_211' title='bbox 1135 2443 1200 2486; x_wconf 75' lang='grc' dir='ltr'><strong>ιιοι</strong></span> <span class='ocrx_word' id='word_1_212' title='bbox 1218 2430 1285 2501; x_wconf 72' lang='lat' dir='ltr'>prio-</span> 
     </span>
     <span class='ocr_line' id='line_1_25' title="bbox 225 2512 1282 2593; baseline 0 -19"><span class='ocrx_word' id='word_1_213' title='bbox 225 2528 276 2574; x_wconf 84' lang='lat' dir='ltr'>res</span> <span class='ocrx_word' id='word_1_214' title='bbox 285 2523 385 2593; x_wconf 73' lang='lat' dir='ltr'>rapere</span> <span class='ocrx_word' id='word_1_215' title='bbox 392 2513 527 2586; x_wconf 86' lang='lat' dir='ltr'>jubeant,</span> <span class='ocrx_word' id='word_1_216' title='bbox 543 2521 575 2569; x_wconf 91' lang='lat' dir='ltr'>ut</span> <span class='ocrx_word' id='word_1_217' title='bbox 586 2512 736 2582; x_wconf 80' lang='lat' dir='ltr'>communi</span> <span class='ocrx_word' id='word_1_218' title='bbox 748 2525 840 2586; x_wconf 84' lang='lat' dir='ltr'>opera</span> <span class='ocrx_word' id='word_1_219' title='bbox 850 2529 914 2569; x_wconf 90' lang='lat' dir='ltr'>rem</span> <span class='ocrx_word' id='word_1_220' title='bbox 926 2529 1124 2573; x_wconf 83' lang='lat' dir='ltr'>communem</span> <span class='ocrx_word' id='word_1_221' title='bbox 1130 2517 1282 2592; x_wconf 74' lang='lat' dir='ltr'>juvemus</span> 
     </span>
    </p>
   </div>
   <div class='ocr_carea' id='block_1_7' title="bbox 488 2624 827 2668">
    <p class='ocr_par' dir='ltr' id='par_1_9' title="bbox 488 2624 827 2668">
     <span class='ocr_line' id='line_1_26' title="bbox 488 2624 827 2668; baseline 0 0"><span class='ocrx_word' id='word_1_222' title='bbox 488 2624 505 2668; x_wconf 58' lang='lat' dir='ltr'>N</span> <span class='ocrx_word' id='word_1_223' title='bbox 803 2631 827 2668; x_wconf 73' lang='grc' dir='ltr'>ιι</span> 
     </span>
    </p>
   </div>
   <div class='ocr_carea' id='block_1_8' title="bbox 639 2671 826 2688">
    <p class='ocr_par' dir='ltr' id='par_1_10' title="bbox 639 2671 826 2688">
     <span class='ocr_line' id='line_1_27' title="bbox 639 2671 826 2688; baseline 0 0"><span class='ocrx_word' id='word_1_224' title='bbox 639 2671 646 2685; x_wconf 88' lang='lat'><strong><em>¹</em></strong></span> <span class='ocrx_word' id='word_1_225' title='bbox 670 2671 826 2688; x_wconf 53' lang='lat' dir='ltr'>m</span> 
     </span>
    </p>
   </div>
   <div class='ocr_carea' id='block_1_9' title="bbox 290 2745 1330 2854">
    <p class='ocr_par' dir='ltr' id='par_1_11' title="bbox 290 2745 1330 2854">
     <span class='ocr_line' id='line_1_28' title="bbox 290 2745 1330 2854; baseline 0.007 -18"><span class='ocrx_word' id='word_1_226' title='bbox 290 2780 423 2836; x_wconf 84' lang='grc' dir='ltr'><strong>Τιιιιιιιιι</strong></span> <span class='ocrx_word' id='word_1_227' title='bbox 437 2778 547 2848; x_wconf 84' lang='lat' dir='ltr'>habui,</span> <span class='ocrx_word' id='word_1_228' title='bbox 571 2745 681 2853; x_wconf 79' lang='lat' dir='ltr'>optima</span> <span class='ocrx_word' id='word_1_229' title='bbox 698 2779 843 2848; x_wconf 72' lang='lat' dir='ltr'>Nicoleb,</span> <span class='ocrx_word' id='word_1_230' title='bbox 864 2783 946 2854; x_wconf 89' lang='lat' dir='ltr'>quod</span> <span class='ocrx_word' id='word_1_231' title='bbox 967 2782 1007 2850; x_wconf 74' lang='lat' dir='ltr'>ds</span> <span class='ocrx_word' id='word_1_232' title='bbox 1029 2791 1157 2842; x_wconf 68' lang='lat' dir='ltr'>somme</span> <span class='ocrx_word' id='word_1_233' title='bbox 1176 2785 1282 2842; x_wconf 67' lang='lat' dir='ltr'>witae</span> <span class='ocrx_word' id='word_1_234' title='bbox 1329 2811 1330 2816; x_wconf 43' lang='lat'>¹</span> 
     </span>
    </p>
   </div>
   <div class='ocr_carea' id='block_1_10' title="bbox 224 2865 1329 3494">
    <p class='ocr_par' dir='ltr' id='par_1_12' title="bbox 224 2865 1283 3305">
     <span class='ocr_line' id='line_1_29' title="bbox 224 2865 1281 2945; baseline 0 -18"><span class='ocrx_word' id='word_1_235' title='bbox 224 2869 378 2940; x_wconf 76' lang='lat' dir='ltr'>bergensis</span> <span class='ocrx_word' id='word_1_236' title='bbox 390 2865 547 2924; x_wconf 82' lang='lat' dir='ltr'>Ecclesiae</span> <span class='ocrx_word' id='word_1_237' title='bbox 561 2869 666 2924; x_wconf 87' lang='lat' dir='ltr'>ritibus</span> <span class='ocrx_word' id='word_1_238' title='bbox 682 2877 713 2924; x_wconf 81' lang='lat' dir='ltr'>er</span> <span class='ocrx_word' id='word_1_239' title='bbox 727 2871 926 2940; x_wconf 88' lang='lat' dir='ltr'>ceremoniis,</span> <span class='ocrx_word' id='word_1_240' title='bbox 942 2871 1049 2945; x_wconf 81' lang='lat' dir='ltr'>partim</span> <span class='ocrx_word' id='word_1_241' title='bbox 1060 2874 1130 2945; x_wconf 78' lang='lat' dir='ltr'>jem</span> <span class='ocrx_word' id='word_1_242' title='bbox 1148 2875 1281 2934; x_wconf 68' lang='lat' dir='ltr'>institnit</span> 
     </span>
     <span class='ocr_line' id='line_1_30' title="bbox 226 2957 1283 3038; baseline 0.006 -22"><span class='ocrx_word' id='word_1_243' title='bbox 226 2977 261 3016; x_wconf 88' lang='lat' dir='ltr'>ac</span> <span class='ocrx_word' id='word_1_244' title='bbox 279 2975 372 3032; x_wconf 85' lang='lat' dir='ltr'>prope</span> <span class='ocrx_word' id='word_1_245' title='bbox 390 2960 467 3014; x_wconf 88' lang='lat' dir='ltr'>diem</span> <span class='ocrx_word' id='word_1_246' title='bbox 480 2957 617 3026; x_wconf 86' lang='lat' dir='ltr'>(Christo</span> <span class='ocrx_word' id='word_1_247' title='bbox 634 2959 769 3029; x_wconf 87' lang='lat' dir='ltr'>volente)</span> <span class='ocrx_word' id='word_1_248' title='bbox 782 2959 1043 3032; x_wconf 72' lang='lat' dir='ltr'>consummandis,</span> <span class='ocrx_word' id='word_1_249' title='bbox 1061 2963 1099 3018; x_wconf 90' lang='lat' dir='ltr'>ad</span> <span class='ocrx_word' id='word_1_250' title='bbox 1111 2971 1147 3022; x_wconf 79' lang='lat' dir='ltr'>te</span> <span class='ocrx_word' id='word_1_251' title='bbox 1160 2965 1283 3038; x_wconf 79' lang='lat' dir='ltr'>pemeri-</span> 
     </span>
     <span class='ocr_line' id='line_1_31' title="bbox 224 3049 1329 3142; baseline 0.005 -35"><span class='ocrx_word' id='word_1_252' title='bbox 224 3051 346 3118; x_wconf 83' lang='lat' dir='ltr'>berem,</span> <span class='ocrx_word' id='word_1_253' title='bbox 367 3050 454 3121; x_wconf 84' lang='lat' dir='ltr'>eujus</span> <span class='ocrx_word' id='word_1_254' title='bbox 472 3051 641 3122; x_wconf 85' lang='lat' dir='ltr'>exemplar,</span> <span class='ocrx_word' id='word_1_255' title='bbox 658 3049 685 3106; x_wconf 85' lang='lat' dir='ltr'>ai</span> <span class='ocrx_word' id='word_1_256' title='bbox 701 3049 751 3108; x_wconf 83' lang='lat' dir='ltr'>tibi</span> <span class='ocrx_word' id='word_1_257' title='bbox 767 3059 798 3106; x_wconf 85' lang='lat' dir='ltr'>et</span> <span class='ocrx_word' id='word_1_258' title='bbox 814 3050 877 3107; x_wconf 85' lang='lat' dir='ltr'>aliis</span> <span class='ocrx_word' id='word_1_259' title='bbox 895 3051 1053 3122; x_wconf 81' lang='lat' dir='ltr'>placuerit,</span> <span class='ocrx_word' id='word_1_260' title='bbox 1077 3055 1195 3112; x_wconf 82' lang='lat' dir='ltr'>imitari</span> <span class='ocrx_word' id='word_1_261' title='bbox 1209 3055 1329 3142; x_wconf 80' lang='lat' dir='ltr'>licet.</span> 
     </span>
     <span class='ocr_line' id='line_1_32' title="bbox 226 3111 1329 3216; baseline 0.003 -18"><span class='ocrx_word' id='word_1_262' title='bbox 226 3140 278 3198; x_wconf 78' lang='lat' dir='ltr'>stu</span> <span class='ocrx_word' id='word_1_263' title='bbox 293 3140 411 3207; x_wconf 71' lang='lat' dir='ltr'>mitum,</span> <span class='ocrx_word' id='word_1_264' title='bbox 429 3139 560 3196; x_wconf 87' lang='lat' dir='ltr'>unctioni</span> <span class='ocrx_word' id='word_1_265' title='bbox 576 3122 707 3198; x_wconf 59' lang='lat' dir='ltr'>libenter]</span> <span class='ocrx_word' id='word_1_266' title='bbox 720 3140 823 3196; x_wconf 85' lang='lat' dir='ltr'>locum</span> <span class='ocrx_word' id='word_1_267' title='bbox 840 3139 990 3211; x_wconf 74' lang='lat' dir='ltr'>obimus,</span> <span class='ocrx_word' id='word_1_268' title='bbox 1007 3143 1102 3216; x_wconf 79' lang='lat' dir='ltr'>parati</span> <span class='ocrx_word' id='word_1_269' title='bbox 1120 3162 1137 3200; x_wconf 87' lang='grc' dir='ltr'>ι</span> <span class='ocrx_word' id='word_1_270' title='bbox 1150 3147 1243 3204; x_wconf 76' lang='lat' dir='ltr'>robis</span> <span class='ocrx_word' id='word_1_271' title='bbox 1257 3111 1329 3202; x_wconf 40' lang='lat' dir='ltr'>rt¹</span> 
     </span>
     <span class='ocr_line' id='line_1_33' title="bbox 227 3229 945 3305; baseline -0.003 -20"><span class='ocrx_word' id='word_1_272' title='bbox 227 3231 382 3305; x_wconf 83' lang='lat' dir='ltr'>quibusvis</span> <span class='ocrx_word' id='word_1_273' title='bbox 399 3230 462 3284; x_wconf 87' lang='lat' dir='ltr'>aliis</span> <span class='ocrx_word' id='word_1_274' title='bbox 479 3229 684 3288; x_wconf 84' lang='lat' dir='ltr'>commodiora</span> <span class='ocrx_word' id='word_1_275' title='bbox 701 3230 846 3302; x_wconf 87' lang='lat' dir='ltr'>accipere.</span> <span class='ocrx_word' id='word_1_276' title='bbox 940 3293 945 3302; x_wconf 34' lang='grc'><strong>,</strong></span> 
     </span>
    </p>

    <p class='ocr_par' dir='ltr' id='par_1_13' title="bbox 237 3305 1285 3488">
     <span class='ocr_line' id='line_1_34' title="bbox 292 3305 1284 3394; baseline 0.006 -18"><span class='ocrx_word' id='word_1_277' title='bbox 292 3319 361 3376; x_wconf 87' lang='lat' dir='ltr'>Nec</span> <span class='ocrx_word' id='word_1_278' title='bbox 377 3335 432 3374; x_wconf 83' lang='lat' dir='ltr'>vos</span> <span class='ocrx_word' id='word_1_279' title='bbox 450 3327 499 3374; x_wconf 84' lang='lat' dir='ltr'>aut</span> <span class='ocrx_word' id='word_1_280' title='bbox 515 3318 638 3390; x_wconf 81' lang='lat' dir='ltr'>quosvis</span> <span class='ocrx_word' id='word_1_281' title='bbox 656 3317 728 3374; x_wconf 78' lang='lat' dir='ltr'>alios</span> <span class='ocrx_word' id='word_1_282' title='bbox 746 3305 925 3387; x_wconf 70' lang='lat' dir='ltr'>absterreat,</span> <span class='ocrx_word' id='word_1_283' title='bbox 949 3321 1056 3394; x_wconf 87' lang='lat' dir='ltr'>quod</span> <span class='ocrx_word' id='word_1_284' title='bbox 1048 3341 1079 3378; x_wconf 90' lang='grc' dir='ltr'>ιιι</span> <span class='ocrx_word' id='word_1_285' title='bbox 1095 3337 1209 3384; x_wconf 79' lang='lat' dir='ltr'>noetn</span> <span class='ocrx_word' id='word_1_286' title='bbox 1225 3329 1284 3382; x_wconf 80' lang='grc' dir='ltr'><strong>ιιι.</strong></span> 
     </span>
     <span class='ocr_line' id='line_1_35' title="bbox 224 3406 1285 3494; baseline 0.009 -29.112"><span class='ocrx_word' id='word_1_287' title='bbox 224 3409 364 3478; x_wconf 73' lang='lat' dir='ltr'>teuberga</span> <span class='ocrx_word' id='word_1_288' title='bbox 387 3406 485 3462; x_wconf 85' lang='lat' dir='ltr'>adbuc</span> <span class='ocrx_word' id='word_1_289' title='bbox 505 3416 679 3480; x_wconf 84' lang='lat' dir='ltr'>perseverat</span> <span class='ocrx_word' id='word_1_290' title='bbox 695 3407 843 3480; x_wconf 86' lang='lat' dir='ltr'>Topbetlt</span> <span class='ocrx_word' id='word_1_291' title='bbox 860 3408 907 3464; x_wconf 88' lang='lat' dir='ltr'>illa</span> <span class='ocrx_word' id='word_1_292' title='bbox 925 3412 1085 3494; x_wconf 75' lang='lat' dir='ltr'>sacrilega,</span> <span class='ocrx_word' id='word_1_293' title='bbox 1103 3431 1187 3488; x_wconf 83' lang='lat' dir='ltr'>quae</span> <span class='ocrx_word' id='word_1_294' title='bbox 1205 3417 1285 3474; x_wconf 66' lang='lat'><em>1²11-</em></span> 
     </span>
    </p>
   </div>
   <div class='ocr_carea' id='block_1_11' title="bbox 98 3495 1283 3576">
    <p class='ocr_par' dir='ltr' id='par_1_14' title="bbox 98 3495 1283 3576">
     <span class='ocr_line' id='line_1_36' title="bbox 98 3495 1283 3576; baseline 0.005 -23"><span class='ocrx_word' id='word_1_295' title='bbox 98 3559 106 3572; x_wconf 36' lang='lat'>,</span> <span class='ocrx_word' id='word_1_296' title='bbox 224 3500 324 3573; x_wconf 86' lang='lat' dir='ltr'>cipum</span> <span class='ocrx_word' id='word_1_297' title='bbox 342 3497 518 3554; x_wconf 81' lang='lat' dir='ltr'>Saxoniae&#39;</span> <span class='ocrx_word' id='word_1_298' title='bbox 511 3495 599 3568; x_wconf 79' lang='lat' dir='ltr'>impia</span> <span class='ocrx_word' id='word_1_299' title='bbox 623 3506 653 3552; x_wconf 90' lang='lat' dir='ltr'>et</span> <span class='ocrx_word' id='word_1_300' title='bbox 675 3497 788 3570; x_wconf 87' lang='lat' dir='ltr'>perdita</span> <span class='ocrx_word' id='word_1_301' title='bbox 810 3499 935 3568; x_wconf 80' lang='lat' dir='ltr'>pectptia</span> <span class='ocrx_word' id='word_1_302' title='bbox 960 3510 1022 3570; x_wconf 73' lang='lat' dir='ltr'>est,</span> <span class='ocrx_word' id='word_1_303' title='bbox 1047 3505 1205 3576; x_wconf 76' lang='lat' dir='ltr'>templum</span> <span class='ocrx_word' id='word_1_304' title='bbox 1220 3509 1283 3564; x_wconf 72' lang='lat' dir='ltr'>elien</span> 
     </span>
    </p>
   </div>
   <div class='ocr_carea' id='block_1_12' title="bbox 111 3585 1283 4038">
    <p class='ocr_par' dir='ltr' id='par_1_15' title="bbox 111 3585 1283 4026">
     <span class='ocr_line' id='line_1_37' title="bbox 226 3585 1283 3670; baseline 0.004 -24"><span class='ocrx_word' id='word_1_305' title='bbox 226 3590 370 3648; x_wconf 84' lang='lat' dir='ltr'>Omnium</span> <span class='ocrx_word' id='word_1_306' title='bbox 389 3587 577 3644; x_wconf 82' lang='lat' dir='ltr'>Sanctorum.</span> <span class='ocrx_word' id='word_1_307' title='bbox 612 3585 693 3642; x_wconf 89' lang='lat' dir='ltr'>Nam</span> <span class='ocrx_word' id='word_1_308' title='bbox 717 3597 828 3644; x_wconf 80' lang='lat' dir='ltr'>tantum</span> <span class='ocrx_word' id='word_1_309' title='bbox 854 3598 899 3648; x_wconf 82' lang='lat' dir='ltr'>est</span> <span class='ocrx_word' id='word_1_310' title='bbox 920 3589 1100 3648; x_wconf 71' lang='lat' dir='ltr'>miserente</span> <span class='ocrx_word' id='word_1_311' title='bbox 1108 3593 1189 3652; x_wconf 90' lang='lat' dir='ltr'>Deo</span> <span class='ocrx_word' id='word_1_312' title='bbox 1211 3599 1283 3670; x_wconf 81' lang='lat' dir='ltr'>apud</span> 
     </span>
     <span class='ocr_line' id='line_1_38' title="bbox 200 3675 1281 3761; baseline 0.002 -23"><span class='ocrx_word' id='word_1_313' title='bbox 200 3742 203 3752; x_wconf 65' lang='grc'><em>,</em></span> <span class='ocrx_word' id='word_1_314' title='bbox 223 3695 281 3738; x_wconf 79' lang='lat' dir='ltr'>cos</span> <span class='ocrx_word' id='word_1_315' title='bbox 298 3677 419 3734; x_wconf 82' lang='lat' dir='ltr'>antidoti</span> <span class='ocrx_word' id='word_1_316' title='bbox 436 3693 490 3750; x_wconf 90' lang='lat' dir='ltr'>per</span> <span class='ocrx_word' id='word_1_317' title='bbox 502 3678 657 3746; x_wconf 80' lang='lat' dir='ltr'>copiosum</span> <span class='ocrx_word' id='word_1_318' title='bbox 674 3676 801 3732; x_wconf 89' lang='lat' dir='ltr'>verbum</span> <span class='ocrx_word' id='word_1_319' title='bbox 811 3675 890 3746; x_wconf 86' lang='lat' dir='ltr'>Dei,</span> <span class='ocrx_word' id='word_1_320' title='bbox 908 3689 940 3734; x_wconf 89' lang='grc' dir='ltr'>ιιι</span> <span class='ocrx_word' id='word_1_321' title='bbox 951 3681 1042 3754; x_wconf 84' lang='lat' dir='ltr'>pestis</span> <span class='ocrx_word' id='word_1_322' title='bbox 1062 3681 1137 3736; x_wconf 90' lang='lat' dir='ltr'>illa</span> <span class='ocrx_word' id='word_1_323' title='bbox 1128 3701 1159 3740; x_wconf 90' lang='grc' dir='ltr'>ιιι</span> <span class='ocrx_word' id='word_1_324' title='bbox 1176 3689 1281 3761; x_wconf 68' lang='lat' dir='ltr'>angulo</span> 
     </span>
     <span class='ocr_line' id='line_1_39' title="bbox 223 3763 1281 3854; baseline 0 -30"><span class='ocrx_word' id='word_1_325' title='bbox 223 3785 280 3824; x_wconf 90' lang='lat' dir='ltr'>suo</span> <span class='ocrx_word' id='word_1_326' title='bbox 304 3769 463 3840; x_wconf 73' lang='lat' dir='ltr'>languena,</span> <span class='ocrx_word' id='word_1_327' title='bbox 487 3781 548 3820; x_wconf 87' lang='lat' dir='ltr'>non</span> <span class='ocrx_word' id='word_1_328' title='bbox 570 3763 626 3820; x_wconf 86' lang='lat' dir='ltr'>nisi</span> <span class='ocrx_word' id='word_1_329' title='bbox 646 3764 736 3820; x_wconf 83' lang='lat' dir='ltr'>sibi</span> <span class='ocrx_word' id='word_1_330' title='bbox 721 3766 785 3840; x_wconf 74' lang='lat' dir='ltr'>ipsi</span> <span class='ocrx_word' id='word_1_331' title='bbox 812 3765 954 3854; x_wconf 73' lang='lat' dir='ltr'>pestilerae</span> <span class='ocrx_word' id='word_1_332' title='bbox 976 3767 1024 3824; x_wconf 84' lang='lat' dir='ltr'>sit.</span> <span class='ocrx_word' id='word_1_333' title='bbox 1058 3767 1208 3846; x_wconf 74' lang='lat' dir='ltr'>Denique</span> <span class='ocrx_word' id='word_1_334' title='bbox 1233 3779 1281 3832; x_wconf 64' lang='grc' dir='ltr'>ιιι</span> 
     </span>
     <span class='ocr_line' id='line_1_40' title="bbox 177 3845 1280 3958; baseline 0.004 -46.17"><span class='ocrx_word' id='word_1_335' title='bbox 177 3845 283 3916; x_wconf 84' lang='lat' dir='ltr'>tres</span> <span class='ocrx_word' id='word_1_336' title='bbox 305 3869 354 3914; x_wconf 85' lang='lat' dir='ltr'>aut</span> <span class='ocrx_word' id='word_1_337' title='bbox 369 3867 496 3958; x_wconf 80' lang='lat' dir='ltr'>quatuor</span> <span class='ocrx_word' id='word_1_338' title='bbox 512 3854 599 3928; x_wconf 72' lang='lat' dir='ltr'>porpi</span> <span class='ocrx_word' id='word_1_339' title='bbox 622 3863 652 3910; x_wconf 87' lang='lat' dir='ltr'>et</span> <span class='ocrx_word' id='word_1_340' title='bbox 669 3865 790 3912; x_wconf 83' lang='lat' dir='ltr'>ventres</span> <span class='ocrx_word' id='word_1_341' title='bbox 808 3867 875 3912; x_wconf 86' lang='lat' dir='ltr'>sunt</span> <span class='ocrx_word' id='word_1_342' title='bbox 898 3857 929 3912; x_wconf 91' lang='lat' dir='ltr'>in</span> <span class='ocrx_word' id='word_1_343' title='bbox 956 3855 1020 3930; x_wconf 85' lang='lat' dir='ltr'>ipsa</span> <span class='ocrx_word' id='word_1_344' title='bbox 1039 3859 1088 3916; x_wconf 82' lang='lat' dir='ltr'>illo</span> <span class='ocrx_word' id='word_1_345' title='bbox 1104 3865 1280 3935; x_wconf 64' lang='lat' dir='ltr'>perditione</span> 
     </span>
     <span class='ocr_line' id='line_1_41' title="bbox 111 3943 1279 4038; baseline 0.006 -34"><span class='ocrx_word' id='word_1_346' title='bbox 111 4013 128 4022; x_wconf 28' lang='lat' dir='ltr'>q</span> <span class='ocrx_word' id='word_1_347' title='bbox 222 3949 332 4060; x_wconf 82' lang='lat' dir='ltr'>domo,</span> <span class='ocrx_word' id='word_1_348' title='bbox 355 3945 406 4026; x_wconf 79' lang='lat' dir='ltr'>qut</span> <span class='ocrx_word' id='word_1_349' title='bbox 423 3945 579 4022; x_wconf 76' lang='lat' dir='ltr'>prorutam</span> <span class='ocrx_word' id='word_1_350' title='bbox 599 3943 680 4006; x_wconf 82' lang='lat' dir='ltr'>ittam</span> <span class='ocrx_word' id='word_1_351' title='bbox 698 3945 817 4015; x_wconf 83' lang='lat' dir='ltr'>colunt,</span> <span class='ocrx_word' id='word_1_352' title='bbox 840 3945 964 4032; x_wconf 75' lang='lat' dir='ltr'>caeteris</span> <span class='ocrx_word' id='word_1_353' title='bbox 979 3950 1135 4038; x_wconf 64' lang='lat' dir='ltr'>omatibus</span> <span class='ocrx_word' id='word_1_354' title='bbox 1144 3955 1237 4014; x_wconf 80' lang='lat' dir='ltr'>aimrtl</span> <span class='ocrx_word' id='word_1_355' title='bbox 1253 3971 1279 4011; x_wconf 86' lang='lat' dir='ltr'>et</span> 
     </span>
    </p>
   </div>
   <div class='ocr_carea' id='block_1_13' title="bbox 0 0 1340 4554">
    <p class='ocr_par' dir='ltr' id='par_1_16' title="bbox 0 0 1340 4554">
     <span class='ocr_line' id='line_1_42' title="bbox 0 0 1340 4554; baseline 0 1"><span class='ocrx_word' id='word_1_356' title='bbox 0 0 1340 4554; x_wconf 95' lang='lat' dir='ltr'> </span> 
     </span>
    </p>
   </div>
  </div>
 </body>
</html>
