2736 4564
531 269 623 340 ιιιι.
731 231 751 329 '9
1072 267 1116 359 ιι

121 425 178 484 llis
194 427 269 484 locis
285 428 454 502 Scripturas
471 441 587 502 captas,
603 429 793 500 nonhabet),
809 414 890 504 quod
902 429 975 488 mihi
991 445 1116 502 respon.
1142 469 1143 472 ,

57 515 162 585 deam,
184 517 340 590 Philipps:
369 530 398 574 et
413 523 508 575 multo
524 521 622 578 miuus
640 520 713 576 mihi
730 522 889 586 satisfacies
908 521 937 576 in
952 519 1116 598 ltaucpar.

57 617 135 676 tem,
165 625 254 680 quam
279 625 336 680 ego
364 612 394 668 in
421 621 510 670 taam.
543 611 593 668 Tu
610 613 724 670 nullutn
742 601 971 680 lomtmltabes‚
997 611 1048 683 qui
1065 611 1114 666 vel

57 697 172 752 damnet
194 700 243 754 vel
271 699 446 772 probibeat,
470 703 518 756 vel
543 703 604 756 ullo
627 702 719 757 modo
743 703 843 772 lugere
865 703 970 756 doceat
989 710 1117 772 potesta.

56 797 131 844 tem:
159 805 214 858 ego
232 799 279 844 tot
293 790 389 849 modis
407 791 621 858 confirmatam,
638 792 884 858 commendatam,
900 792 1116 858 honorandam,

58 868 190 932 oratioue
208 879 281 934 Deo
299 883 565 938 commendandam
582 881 697 938 habeo:
721 881 777 938 nisi
794 882 876 965 quod
899 881 935 936 ab
954 881 1118 950 Evangelio

56 983 150 1039 neque
167 967 308 1037 imperata
318 1009 328 1036 ,
344 987 442 1043 neque
460 973 592 1028 consulta
611 972 666 1038 sit,
695 971 775 1043 quod
801 987 857 1026 nec
874 969 1116 1040 matrimonium,

58 1074 111 1111 neo
128 1059 253 1126 domus,
281 1051 505 1134 neo'drscipliua
523 1062 630 1130 domus
648 1071 698 1116 aut
715 1062 859 1129 civitatis,
875 1069 924 1116 atat
940 1061 999 1116 ulla
1016 1073 1116 1134 rerum

50 1148 251 1218 *corporalium
269 1150 480 1206 administratio
498 1159 527 1206 et
544 1168 624 1206 cura.

119 1237 170 1294 Τιι
185 1239 210 1294 si
228 1238 300 1311 quid
312 1239 397 1296 aliter
409 1241 570 1298 revelatum
582 1241 689 1312 habes,
704 1241 843 1298 ostende:
862 1241 914 1296 sed
926 1240 968 1295 sic
981 1221 1117 1302 ostende.
1198 1303 1200 1308 y
1261 1269 1266 1282 ·

60 1333 88 1379 at
105 1327 294 1398 prohibitam,
311 1329 491 1400 fugiendam,
507 1340 556 1384 aut
572 1333 671 1386 solum
689 1333 863 1402 permissam
881 1346 1006 1386 asseras.
1031 1327 1118 1386 Clari.

59 1425 119 1471 stus
136 1400 214 1473 enim
225 1419 321 1476 Pimo
340 1419 436 1478 datam
452 1421 579 1496 desuper
596 1431 771 1494 potestatem
789 1421 875 1476 dixit:
895 1421 998 1476 Deum
1017 1427 1117 1476 autem

59 1506 124 1560 dare
139 1523 201 1562 uon
222 1508 252 1564 in
264 1509 380 1564 malum
398 1510 459 1564 ltoc
476 1511 546 1565 loco
562 1526 670 1566 sonare
689 1521 771 1582 puto.
804 1512 856 1566 De
873 1511 919 1565 bis
937 1511 1017 1566 satis,
1054 1533 1057 1541 Δ

124 1596 264 1668 Gratulor
282 1599 453 1657 Amsdorfio
471 1602 633 1658 substantia
651 1613 736 1657 autito
748 1600 778 1666 *l
790 1601 869 1668 ‚sed
886 1602 978 1670 magis
996 1597 1119 1654 feliciter

59 1688 201 1760 profitenti
217 1693 408 1764 Apostolum.
441 1691 512 1748 dam
529 1691 618 1749 saturi
635 1695 723 1762 estis,
740 1693 803 1768 sine
817 1683 868 1746 itte
886 1685 1034 1760 repobus,
1058 1705 1117 1744 nec

62 1779 144 1836 rideo
160 1773 213 1836 cur
228 1799 278 1837 me
296 1793 450 1860 tantopere
468 1783 639 1840 desideretis
649 1825 659 1852 ,
687 1791 737 1847 aut
754 1799 828 1856 quae
845 1784 1005 1838 necessitas
1029 1795 1117 1836 meae

62 1887 163 1940 operae
175 1871 259 1928 vobis
272 1871 325 1954 sip:
343 1881 373 1927 tu
390 1873 442 1928 tibi
459 1873 514 1945 ipsi
531 1889 685 1929 accersere
697 1862 811 1930 ¹videris
827 1871 1030 1944 cogitationes,
1046 1885 1117 1924 eum

63 1961 167 2015 felicius
183 1961 314 2016 babeant
329 1978 377 2016 res
394 1975 528 2030 vestrae,
552 1979 600 2016 me
618 1963 756 2042 absente,
778 1979 866 2034 quam
884 1969 1057 2033 praesenter
1083 1969 1117 2014 tu

63 2049 143 2116 legis,
158 2048 342 2107 Amsdo'rlius
360 2052 446 2120 legit,
463 2051 559 2107 «lonas
577 2051 655 2121 legit.
688 2051 839 2118 Obsecro,
856 2051 928 2104 solis
947 2050 1034 2104 vobis
1052 2049 1117 2103 vul.

65 2138 101 2192 tis
117 2120 271 2196 annuntiari
288 2158 412 2211 reguum
432 2142 514 2200 Dei?
530 2158 630 2198 nonne
647 2149 679 2195 et
695 2141 755 2194 aliis
769 2151 889 2210 oportet
902 2138 1115 2209 evangelisari2

65 2227 133 2283 Non
153 2229 229 2284 dabit
254 2240 352 2286 vestra
369 2231 530 2290 Antiochia
553 2230 600 2285 vel
619 2229 707 2287 Silam
732 2231 780 2285 vel
797 2229 923 2285 Paulum
940 2229 988 2284 vel
1004 2229 1128 2286 trama·

62 2315 150 2373 bam
143 2337 262 2392 inopus
281 2322 397 2394 aliquod
416 2322 557 2391 spiritus?

122 2409 200 2466 Dico
216 2411 286 2466 tibi
301 2413 482 2484 quanquam
505 2411 697 2467 libentissime
723 2411 799 2482 apud
831 2409 988 2477 sessim,
1016 2419 1116 2480 tamen

63 2499 128 2555 nihil
142 2518 279 2572 gravarer
296 2503 430 2574 (quando
438 2517 559 2574 vespam
567 2501 736 2569 abundatis)
752 2501 799 2556 vel
813 2501 856 2558 Er
858 2501 981 2567 iurdiae,
996 2499 1045 2554 vel
1057 2501 1116 2554 Co.

65 2589 170 2660 ioniae,
186 2593 235 2647 vel
252 2585 320 2648 alibi
330 2632 339 2660 ,
365 2593 413 2646 abi
431 2593 583 2648 Dominus
600 2593 707 2660 vellet,
732 2609 781 2646 me
799 2591 874 2646 ostio
891 2589 975 2645 verbi
993 2590 1114 2660 dignari.
1169 2648 1174 2657 ,

66 2679 155 2754 Quam
178 2683 288 2750 multa,
316 2699 451 2754 quaeso,
478 2683 586 2738 messis
611 2683 743 2756 ubique,
761 2693 790 2736 et
808 2675 877 2736 nulli
896 2681 1040 2751 operarii:
1058 2696 1115 2736 vos

65 2783 153 2826 autem
175 2773 247 2826 estis
273 2789 377 2828 omnes
402 2764 537 2844 operarii.
573 2773 659 2828 Ratio
676 2781 755 2828 certe
774 2791 834 2827 non
850 2773 961 2838 nostri,
987 2770 1040 2824 sed
1057 2771 1116 2825 fra.

64 2873 133 2917 tram
156 2873 329 2919 nostrorum
355 2863 463 2935 ubique
489 2863 695 2934 dispersorum
719 2863 855 2920 habenda
881 2875 946 2932 est,
972 2880 1009 2918 ne
1037 2863 1115 2918 sorte

64 2952 142 3008 nobis
157 2954 314 3023 vivamus,
331 2955 360 3008 id
376 2965 440 3021 est,
457 2953 609 3022 Diabolo,
627 2964 657 3010 et
673 2972 735 3010 non
753 2952 890 3034 Christos

123 3045 223 3120 Quare
239 3046 327 3113 vide
343 3063 382 3102 ne
399 3061 490 3101 mmm
507 3063 627 3100 carnem
645 3045 772 3100 invicem
791 3027 958 3116 sapiamus,
975 3054 1005 3101 et
1021 3061 1114 3114 magis
1169 3111 1171 3118 γ

64 3136 247 3204 praesentiam
265 3135 380 3200 carnis,
397 3152 486 3208 quam
504 3136 624 3206 spiritus
637 3135 795 3206 sapiamus.
828 3135 897 3205 Ego
913 3146 1030 3206 paratus
1044 3151 1114 3189 sam

65 3225 120 3291 ire,
146 3243 205 3298 qao
222 3226 376 3282 Dominus
399 3225 496 3293 volet,
519 3227 582 3280 sive
607 3226 642 3279 ad
659 3242 733 3292 vos,
757 3225 820 3280 sive
845 3225 911 3282 alio.
944 3225 995 3280 De
1022 3225 1115 3279 reditu

65 3331 127 3373 meo
143 3317 215 3384 nibil
234 3318 297 3372 scio
315 3334 457 3388 prorsus:
481 3317 558 3384 scis,
576 3319 606 3372 in
624 3320 708 3388 cujus
725 3333 814 3372 manu
831 3317 919 3372 situm
931 3319 981 3373 ¹sit·

122 3409 226 3462 Scribit
250 3407 324 3461 mihi
347 3407 526 3479 spalatinae,
546 3424 615 3462 non
633 3423 700 3462 esse
718 3407 893 3479 disparatam
912 3417 1025 3478 partem
1043 3421 1115 3462 con.

66 3499 222 3556 elusionum
242 3501 279 3554 de
297 3501 502 3566 confessione,
520 3499 657 3554 mandato
679 3499 841 3570 Principis,
860 3499 940 3569 quod
962 3497 1034 3552 mibi
1054 3500 1113 3554 dis.

67 3591 146 3662 plicet
164 3596 242 3647 miro
267 3589 369 3646 ruodo.
404 3589 563 3655 Obsecro,
590 3590 727 3660 deinceps
751 3605 870 3658 semper
887 3588 1052 3658 praevenite
1069 3591 1114 3644 in.

67 3693 140 3737 venta
150 3723 159 3750 ‚
186 3681 318 3743 consilia¹
329 3683 409 3736 atalae
434 3697 496 3736 non
513 3679 687 3752 sequimini,
712 3681 790 3734 sicut
806 3697 862 3750 ego
880 3679 1022 3736 hactenus
1040 3680 1111 3734 feci:

68 3773 172 3830 dimidio
194 3791 259 3829 non
284 3775 392 3827 lactum
419 3783 514 3838 esset,
541 3772 567 3826 si
593 3771 621 3826 in
650 3771 723 3827 illius
746 3769 869 3826 consilio
894 3772 1113 3844 pependissem.

71 3893 586 3922 Ἣ

110 3961 177 4013 us.
191 3962 212 4008 a.
225 3961 283 4015 rou.
296 3939 348 4010 aa
371 4003 372 4013 i
