2674 4570
499 296 603 413 3⁵22.
1027 297 1086 362 tn
1151 342 1155 350 .

100 457 165 514 Jam
182 458 261 528 quod
278 458 446 530 periculum
463 459 583 514 divortii
603 460 734 514 causaris
753 460 783 514 in
801 459 861 515 isto
877 475 959 514 novo
978 458 1085 528 conju.

49 548 104 617 gio,
126 549 150 602 ei
172 550 368 620 pertaeduerit
390 549 547 605 molestiae
568 552 710 618 uxoriae,
727 551 752 618 ¹)
779 550 908 604 arbitror
931 559 960 604 et
985 550 1084 620 ipsum

49 657 98 692 non
113 655 149 692 ex
164 640 260 694 animo
277 657 293 692 a
311 651 339 696 te
357 641 427 697 dici.
452 639 545 718 ,Quid
569 641 648 696 enlm
670 641 731 696 hoc
750 641 786 695 ad
804 641 956 696 doctrinae
975 637 1085 710 purita.

49 741 113 796 tem,
128 729 151 793 ²)
163 730 248 799 quod
265 730 333 783 mali
351 731 427 784 male
444 733 585 799 utantur?
618 731 686 786 Noe
705 747 720 784 a
737 729 825 785 vobis
844 747 905 785 non
923 729 1084 799 exigimus,

49 831 74 873 ot
88 821 214 890 conjugia
231 823 388 892 praestetis
406 822 547 878 omnibus
564 820 590 889 ³)
607 823 755 878 molestiis
773 823 884 890 libent,
902 823 956 877 sed
972 825 1085 876 tantum

49 928 78 964 ne
93 912 249 966 doctrinam
267 923 296 968 et
314 915 451 988 exempla
469 913 606 983 ejusdem
622 906 652 981 1)
670 914 826 968 damnetis.
860 913 1030 985 Expostulo
1052 922 1086 965 tu

50 1019 106 1056 cnm
120 1003 201 1071 Deo,
225 1003 277 1074 qui
302 1005 369 1058 talia
386 1005 549 1076 praecipit,
575 1021 650 1076 quae
668 1021 724 1076 per
740 1003 897 1060 hominum
914 1003 1087 1058 inconstan.

48 1095 107 1146 riam
120 1094 190 1147 male
208 1097 375 1149 servantur.
393 1086 423 1162 ⁵)
452 1095 611 1150 Nonnihil
630 1096 667 1148 de
685 1095 878 1150 sacerdotum
894 1094 1043 1166 conjugiis
1059 1084 1085 1160 6)

49 1183 247 1253 promittimus,
272 1184 329 1240 nisi
354 1185 435 1256 quod
458 1169 615 1240 autoritate
631 1185 692 1240 Dei
711 1186 799 1240 liceat
823 1185 997 1240 sacerdotes
1016 1199 1086 1238 esse

50 1274 183 1342 conjuges.
215 1275 288 1328 Jarn
299 1267 329 1340 ⁷)
345 1273 542 1347 Praepositus
553 1273 788 1344 Kembergensis
803 1275 850 1328 vir
865 1283 928 1342 est,
948 1273 977 1328 in
989 1290 1050 1346 quo
1061 1266 1086 1338 Β)

49 1361 112 1430 nihil
124 1363 218 1432 possis
236 1380 299 1418 non
316 1365 450 1433 laudare,
469 1373 583 1418 tantum
600 1364 701 1432 abest,
719 1373 752 1418 ut
770 1364 897 1418 levitatis
917 1364 996 1432 argui
1015 1379 1087 1434 pos.
1124 1403 1126 1408 -

50 1452 94 1517 sit,
116 1453 168 1506 nisi
185 1454 264 1507 sorte
290 1453 357 1508 ideo
382 1455 465 1509 leves
491 1464 594 1522 erum,
621 1455 689 1527 quia
711 1464 744 1510 tu
768 1455 877 1508 metuis
901 1455 984 1508 leves
1010 1455 1088 1508 lore.

50 1545 82 1596 At
97 1543 126 1596 ad
141 1553 252 1598 metum
270 1555 370 1612 tumn,
389 1545 438 1598 rel
456 1561 541 1617 spem
560 1555 694 1600 nostram
704 1545 780 1600 nihil
793 1545 946 1616 sequitur,
964 1545 1012 1601 vel
1026 1561 1087 1598 non

51 1635 182 1704 sequitur,
208 1637 237 1690 in
256 1635 344 1691 factis
362 1637 536 1705 hominum,
563 1638 673 1691 nedum
692 1638 721 1690 in
738 1637 839 1691 verbis
858 1635 930 1690 Dei.
964 1635 1090 1706 Alioqui

50 1723 110 1780 nihil
124 1720 290 1782 divinorum
308 1737 537 1798 praeceptorum
554 1745 611 1782 nos
629 1728 681 1782 hic
698 1713 797 1790 ustus
816 1728 894 1784 sinet
911 1737 1034 1781 tentare.

102 1815 200 1884 Vides,
216 1817 259 1871 mi
278 1817 413 1885 Fabrici,
432 1815 548 1888 quantis
568 1803 748 1888 argumentis
768 1835 823 1887 ego
840 1835 952 1886 vener,
970 1835 1009 1872 ne
1023 1835 1089 1872 cre.
1148 1863 1150 1866 .

52 1903 104 1958 tam
120 1905 299 1960 Candinalem
323 1915 408 1960 tuum
432 1923 471 1962 ex
493 1907 591 1962 animo
609 1901 633 1976 ’1)
652 1908 797 1962 scribere.
832 1907 938 1964 Taceo
960 1907 1089 1977 denique

52 1995 108 2048 illud
123 1996 281 2067 tyrannidis
305 1997 530 2069 eximiae,'qua
551 1999 700 2052 Andream
718 1979 946 2066 Caugistorlium
963 1997 1088 2066 Magde.
1141 2017 1144 2024 ·

51 2083 209 2155 burgensem
226 2097 371 2158 suggestu
390 2105 459 2142 cum
476 2099 554 2142 tanta
572 2088 731 2158 ignominia
748 2087 912 2155 submovit,
924 2089 959 2154 ¹⁰)
977 2088 1088 2156 virum,

52 2177 91 2230 cui
107 2179 153 2233 vix
170 2179 300 2234 similem
325 2179 381 2234 sub
407 2195 458 2233 sua
485 2177 689 2234 ditionet‘uus
713 2179 802 2234 habet
827 2179 1006 2247 cardinalis,
1031 2197 1088 2250 nec
1117 2164 1119 2172 ’

53 2283 98 2322 ros
112 2271 143 2339 ¹¹)
158 2270 255 2324 adhue
275 2271 361 2325 istius
380 2270 523 2342 poenitet.
583 2275 588 2282 '

105 2359 236 2416 Obsecro
253 2369 302 2432 te,
327 2361 368 2415 mi
385 2359 519 2436 Fabrici,
545 2378 615 2440 eum
633 2361 728 2431 exigis
746 2361 933 2426 Luthemm,
950 2369 983 2415 ut
1000 2361 1035 2427 11)
1054 2360 1090 2414 ad

52 2449 132 2502 omnia
148 2462 245 2507 vestra
265 2452 433 2518 connivent,
453 2453 526 2510 solis
544 2449 580 2518 ¹³)
597 2453 692 2508 literis
710 2452 923 2508 blandiuseulis
942 2452 1091 2524 palpatus,

52 2555 108 2592 curn
123 2541 177 2596 sint
193 2553 255 2598 tam
266 2543 405 2612 infanda,
425 2553 500 2614 qnae
513 2560 569 2600 vos
587 2543 750 2612 molimini,
761 2536 797 2607 11)
815 2553 843 2598 et
856 2559 917 2598 non
931 2542 1004 2598 estis
1018 2559 1093 2596 con.

51 2629 120 2696 tenti,
129 2631 206 2700 quod
218 2633 310 2704 parati
325 2647 428 2686 sumus
442 2650 496 2702 per
509 2632 685 2688 alteritatem
697 2633 855 2704 ignoscere
868 2644 897 2686 et
910 2623 1097 2697 tolerare.¹⁵)

52 2715 118 2790 Quin
133 2709 165 2788 1⁶)
188 2722 406 2792 expostulatis,
432 2733 466 2776 ut
488 2721 691 2790 justificemus
717 2737 857 2796 quoque,
882 2721 945 2776 hoc
970 2712 1093 2789 est,⁴¹⁷)
1161 2717 1165 2722 ’

52 2807 130 2876 ipsam
154 2810 323 2866 doctrinam
347 2806 529 2880 abnegemus
555 2829 610 2883 per
638 2811 830 2882 impietatem.
865 2810 940 2866 Satis
967 2821 997 2864 et
1022 2811 1097 2882 plus,

53 2913 125 2966 quam
146 2901 215 2956 satis
240 2901 361 2956 tentatis
384 2917 452 2968 me,
479 2900 592 2971 optime
614 2899 750 2968 Fabrici,
777 2909 812 2954 et
830 2917 886 2969 ego
910 2900 984 2954 satis
1009 2909 1038 2954 et
1055 2882 1091 2967 ¹3)

51 2988 105 3056 plus
130 3004 214 3060 quam
239 2992 316 3054 eatis
346 2991 513 3061 benigniter
540 2991 732 3062 respondeo,
761 2990 867 3046 vobis:
897 2991 981 3046 rides
1012 2990 1094 3046 enim

51 3073 186 3148 quant019)
204 3082 393 3137 acerbiorem
410 3073 640 3152 responsionem
656 3081 826 3137 merueritis
834 3113 848 3150 ‚·
863 3082 915 3154 qui
926 3099 986 3136 non
999 3081 1091 3136 modo

52 3186 99 3222 non
122 3172 232 3242 facitis,
261 3174 342 3244 quod
365 3171 570 3244 postulabam,
603 3172 658 3228 sed
688 3171 808 3228 illuditis
831 3172 872 3238 ²⁰)
905 3181 934 3226 et
961 3171 1089 3226 irridetis
1115 3163 1119 3173 ’

52 3259 128 3328 luris,
157 3263 244 3318 sicuti
269 3263 357 3318 vobis
380 3263 516 3330 videtur,
544 3261 689 3332 egregiis,
717 3263 770 3317 sed
791 3264 877 3318 ‘sicut
901 3279 957 3333 ego
983 3261 1090 3328 video,

91 3481 210 3529 Moris.
225 3481 309 3527 uxoris
323 3479 501 3526 immodestiae.
539 3479 673 3534 Μία).
690 3476 813 3538 pietatem.
840 3481 1091 3534 &annonam

52 3549 69 3591 ll
81 3553 164 3597 Auris.
178 3555 283 3600 amnica
304 3556 326 3607 4)
347 3553 445 3600 Viteb.
465 3553 600 3618 doctrinam
614 3557 666 3607 elus
681 3559 706 3600 et
719 3553 838 3612 exempla.
877 3557 900 3606 5)
919 3555 1018 3600 vitet.
1037 3565 1055 3602 t.
1070 3557 1092 3602 b.

53 3622 461 3682 emunim...servantur.
505 3629 528 3678 6)
547 3627 647 3674 Vlteb.
665 3627 789 3683 coniugio.
833 3627 1089 3682 nvitun-jam.

52 3699 306 3760 illarii-inquo.
342 3704 363 3755 9)
378 3701 598 3754 vilebibaec.¹
624 3707 656 3756 10)
671 3702 766 3747 Auris.
782 3702 961 3749 sribmoveritis.
993 3705 1093 3755 indus

53 3771 151 3818 nenos.
178 3775 321 3827 tllvlteb.
337 3775 384 3832 qul.
412 3773 645 3828 mauridomus.
680 3775 919 3830 li)Auril.vultis.
945 3777 1091 3828 tsivtteo.

55 3842 267 3906 im.eltol.p.elr.
316 3849 545 3901 wimundum.
593 3851 627 3902 17)
646 3850 818 3904 nurif.†et.
865 3850 1090 3902 rainone-et.

57 3919 181 4038 {mpvbeb‘
196 3927 244 3971 ot.
254 3925 287 3976 to.
302 3925 455 3991 respondeo,
470 3937 522 3971 cnm
536 3925 617 3982 longe.
656 3927 691 3978 20)
704 3922 803 3973 Viteb.
819 3926 867 3974 a).
877 3926 910 3976 Q.
923 3923 1012 3978 facitis,
1027 3923 1091 3981 qaod

66 4000 118 4037 ures
139 3993 214 4042 aditis.
