2676 4574
541 289 633 360 1523.
909 322 912 340 ν
1052 289 1112 354 283

76 451 110 504 ²·
130 443 285 531 baanae.
360 534 363 550 Ι
795 445 849 506 ua.
866 445 1080 504 ceccaum.

172 653 174 656 Ι
447 561 495 630 su
517 559 720 640 &astutia

99 678 166 727 ”dun
181 675 370 730 mutassemus
383 675 421 725 bei
431 675 609 734 ubtttmierurr
621 679 715 738 ὅπως
733 678 803 729 ffiittt
815 687 856 726 um
869 677 988 731 wiberat
1000 685 1026 730 ta
1040 677 1116 726 timna

40 751 306 803 moneamus,
322 754 369 799 aaa
382 761 423 799 utu
436 753 527 806 &tata
538 753 577 801 ota
589 753 761 808 murmuratur
774 751 867 802 uetare
879 752 940 807 fetas
952 753 1115 802 steteramus
1152 789 1161 824 ,ι

42 826 91 878 fita
107 828 221 882 untur
233 836 260 880 ur
274 828 343 882 tutan
355 834 493 882 stauarum
506 837 564 877 aar.

517 926 660 945 m

43 1007 105 1062 sm
121 987 335 1056 aarrraaer'n.
349 1010 392 1058 m.
418 1009 476 1064 uu.
490 1008 550 1056 coa.
563 1008 617 1056 aea.
632 1021 668 1066 2.;
688 1008 705 1056 r.
720 1010 764 1057 ut.
787 1005 888 1061 matta
899 1007 942 1064 su
954 1005 1049 1057 matu
1062 1005 1115 1052 nv.
1206 986 1220 1013 s

516 1083 579 1138 aaa.
592 1081 663 1136 cx11.

47 1177 179 1276 Gratia
203 1233 234 1278 et
255 1239 324 1295 pax.
360 1223 525 1300 Quomodo
543 1223 698 1281 Rethasen
714 1233 818 1280 nostra
840 1233 927 1298 queat
945 1223 1117 1278 citra'soan.

47 1313 159 1367 daium
181 1315 390 1383 proximorum
407 1327 437 1372 et
453 1317 651 1372 offensionem
667 1315 833 1372 viventium
847 1315 974 1380 mutari,
992 1313 1059 1385 quis
1075 1314 1117 1366 t'a.

48 1403 114 1457 ciie
133 1400 266 1472 dixerit,
289 1405 330 1459 mi
348 1405 513 1478 Spalatine?
546 1407 722 1480 praesertim
738 1405 764 1461 si
781 1415 814 1462 tu
831 1405 860 1460 id
877 1402 1048 1459 scandalum
1064 1419 1119 1456 vo,

47 1511 108 1549 ces
136 1491 191 1548 aut
214 1493 428 1564 offensionem,
458 1513 518 1568 quo
540 1496 679 1570 Papistna
699 1500 724 1566 ¹)
747 1495 828 1570 impii
853 1493 1053 1572 offenduntur.
1087 1490 1117 1544 Si

48 1583 198 1664 nondum
222 1585 319 1654 nosti,
344 1589 517 1644 sacerdotes
541 1589 636 1644 ferme
661 1603 766 1644 omnes
783 1603 845 1642 non
861 1585 953 1642 modo
971 1583 1061 1656 impie
1079 1581 1118 1636 ibi
1176 1617 1181 1630 .

52 1683 171 1747 agunt,
198 1678 252 1732 sed
277 1669 447 1748 praefracto
471 1679 563 1734 eorde
588 1679 649 1736 Dei
675 1688 705 1734 et
720 1678 879 1732 hominum
896 1685 1119 1742 contemtoreS‚

53 1767 187 1837 singulis
202 1768 343 1823 noctibus
367 1785 461 1842 paene
480 1779 667 1836 scortantur,
690 1779 720 1823 et
741 1765 904 1840 impudenti
928 1763 1119 1835 indurataque

53 1859 163 1912 fronte
181 1873 268 1912 mane
285 1859 393 1916 missas
411 1859 572 1916 celebrant.
598 1859 703 1930 Testis
717 1869 763 1914 est
775 1858 824 1914 vei
836 1858 901 1930 ipse
915 1853 1120 1922 Amsdoriius,

53 1947 203 2020 exeeptis
230 1947 331 2004 forsan
354 1949 465 2020 tribus,
495 1965 600 2008 omnes
625 1967 694 2004 esse
719 1949 815 2022 palam
839 1954 1035 2003 scortatores.
1069 1945 1120 2001 Tu

54 2055 145 2121 nunc
165 2040 280 2112 cogita,
298 2039 368 2112 quid
385 2041 461 2097 haee
477 2041 655 2096 abominatio
667 2039 797 2112 Principi
809 2049 839 2094 et
850 2039 962 2111 populo
974 2053 1031 2093 suo
1044 2037 1121 2110 apud

52 2129 171 2186 Deum
188 2141 353 2198 mereatur,
378 2131 467 2202 cujus
491 2141 591 2188 sumtu
615 2129 711 2185 alitur.
747 2127 824 2204 Quis
848 2129 924 2198 scit,
951 2129 976 2183 si
998 2137 1123 2200 propter

54 2221 148 2293 ipsos
160 2217 357 2292 Evangelium
369 2231 507 2278 nostrum
518 2221 617 2278 minus
631 2221 845 2294 prosperetur?
871 2219 934 2276 Diu
946 2219 1121 2282 toleramuS,

55 2329 125 2367 non
148 2311 244 2367 modo
268 2311 376 2382 impios
384 2313 395 2382 ‚'
419 2313 473 2368 sed
495 2313 591 2384 palam
607 2311 769 2370 sceleratos
786 2309 894 2366 divinis
911 2320 940 2366 et
957 2305 1122 2362 metuendis

56 2400 161 2456 saeris
181 2400 221 2456 ob
237 2401 336 2458 solum
352 2411 469 2476 turpem
492 2411 646 2475 quaestum
667 2401 792 2456 servire.
825 2400 892 2470 Ego
916 2415 986 2454 sane
1010 2395 1123 2469 praedi.
1140 2469 1144 2476 Ι

56 2491 147 2559 cavi,
178 2491 232 2546 etsi
254 2491 315 2547 sint
335 2493 365 2547 in
391 2492 538 2565 impietate
560 2507 615 2546 sua
639 2491 771 2559 sinendi,
798 2499 899 2548 tamen
924 2488 1121 2559 Magistratus

57 2579 157 2637 officii
182 2581 233 2652 sit,
260 2581 456 2638 adunationes
478 2599 585 2638 eorum
606 2581 786 2654 prohibere,
810 2581 861 2636 rel
884 2579 920 2634 ad
936 2577 1125 2633 matrimonia

58 2689 191 2742 cogere.
223 2671 325 2729 Nemo
343 2671 490 2745 siquidem
505 2673 542 2726 ad
559 2673 698 2746 pietatem
717 2681 747 2726 et
763 2669 852 2726 fidem
864 2669 930 2739 cogi
947 2677 1049 2740 potest
1065 2683 1124 2722 neo

58 2765 175 2833 debet,
194 2765 311 2819 seelera
325 2771 423 2819 tamen
439 2764 558 2835 publica
574 2763 704 2820 tollenda
720 2771 799 2818 sunt.
832 2756 953 2815 Utinam
968 2749 1123 2833 istasmis.

58 2871 115 2911 sas
134 2847 242 2910 saitem
259 2853 406 2926 Princeps
423 2853 646 2922 intermitteret,
663 2867 737 2926 quas
756 2846 886 2922 quotidie
904 2847 1055 2903 eCamera
1072 2847 1124 2902 sti.

57 2943 178 3018 pendio
205 2943 271 3012 uit,
296 2953 330 2998 ut
351 2941 435 2998 fieret
457 2933 616 2998 exordium
640 2941 759 3012 aliquod
785 2955 886 2994 rerum
910 2939 1123 2995 novandarum.

58 3036 194 3110 Loquar
209 3041 306 3090 autem
323 3035 360 3089 de
376 3033 435 3090 hae
452 3049 486 3088 re
504 3049 574 3088 oum
591 3031 764 3088 Amsdorfio
780 3031 875 3102 plura:

133 3140 294 3198 Caeterum
320 3139 391 3196 dum
417 3155 514 3212 nuper
540 3157 595 3211 pro
618 3139 736 3198 Joamte
761 3137 933 3196 Pomemno
957 3135 1124 3191 antiberem

59 3241 195 3310 propter
211 3231 335 3286 ferinam
348 3229 383 3285 ad
401 3245 470 3286 suas
485 3229 617 3304 nuptias,
633 3227 800 3294 metuebas,
815 3243 854 3282 ne
866 3224 1011 3298 Princeps
1024 3225 1124 3284 savera

61 3323 167 3398 palam
185 3319 390 3377 sacerdotibus
404 3323 539 3388 uxoratis
557 3319 655 3394 possit
671 3319 771 3389 argui,
798 3329 828 3373 et
848 3326 881 3373 tu
899 3333 963 3372 eam
979 3315 1054 3374 mihi
1073 3315 1126 3370 do-

35 3423 39 3429 ’
61 3415 173 3472 nabas.
186 3412 190 3418 '
205 3411 297 3468 Nune
314 3411 392 3466 atiud
408 3427 480 3482 prae
496 3409 632 3477 manibus
649 3419 704 3463 est.
737 3409 811 3462 Duo
824 3417 920 3478 patres
933 3407 1035 3478 optimi
1048 3404 1125 3474 apud

63 3521 147 3572 nos,
165 3501 300 3560 Joannes
315 3495 509 3568 Westerman
527 3510 558 3556 at
575 3497 771 3570 Gattaeligius
787 3497 824 3556 de
840 3497 1026 3565 Hervordia,
1050 3497 1125 3550 intra

62 3609 205 3653 mensem
223 3591 401 3666 papistioum
413 3591 602 3648 doctoratum
616 3592 645 3647 in
658 3577 806 3660 theologia
817 3587 979 3660 accipient,
994 3585 1125 3644 honora.

64 3687 126 3742 turi
143 3683 268 3739 'caudam
285 3683 370 3738 istius
386 3698 534 3756 pompae,
558 3681 583 3737 si
604 3691 638 3736 tu
653 3681 741 3738 nobis
759 3680 928 3752 pro-terina
945 3679 1021 3752 apud
1038 3677 1133 3751 Prin..

66 3777 172 3850 cipeto
195 3784 337 3846 patronus
360 3773 459 3830 tueris.
494 3769 675 3848 Quanquam
700 3772 779 3832 snitu
804 3783 869 3831 rem
892 3769 986 3844 probe
1016 3769 1126 3836 sciant,

251 3927 272 3964 l

120 3998 142 4049 t)
162 3993 221 4042 cod.
233 3993 289 4043 den.
303 3994 319 4048 †
332 3995 381 4041 aut.
1044 4057 1057 4093 t

1183 271 1191 300 i
