2706 4548
501 251 644 382 'saza
1049 292 1108 362 aaa

61 463 173 510 noster
187 455 383 528 stupuimus,
400 429 778 530 Bietuensislevaagelista,
797 473 856 512 non
873 469 933 510 uno
951 455 1016 524 igne
1026 457 1108 519 ,nec

47 558 127 623 ¹urm
148 535 257 615 ‘genere
281 549 386 604 mortis
411 565 464 619 per
480 550 714 612 Diethmariauas
733 547 839 604 bestias
864 546 994 600 occisus.
1029 543 1110 616 Quid

59 647 275 704 musmonem,
301 638 387 694 Deus
410 641 512 705 novit,
534 641 560 694 si
583 652 680 694 tamen
701 639 779 710 digni
802 635 960 703 fuerimus,
984 633 1108 688 ursacii

59 724 183 778 illorum
200 726 266 780 lacti
290 735 319 780 et
345 729 399 798 ipsi
416 729 558 800 patiamur
574 729 765 802 contumelias
791 721 831 780 ob
847 742 955 780 nomen
973 723 1108 778 Domini.
1164 759 1171 764 .

59 811 140 870 Nou
150 855 159 884 ‚
178 817 314 894 iuquam,
331 817 402 872 huic
420 819 552 888 periculo
570 831 598 872 te
615 835 765 890 exponere
782 815 987 882 subruemus,
1006 813 1109 868 certis.

59 903 141 958 aime
153 921 327 975 persuasus,
346 910 426 978 quod
448 908 492 976 is,
510 910 560 980 qui
573 919 602 963 te
613 909 771 967 honoravit
781 906 874 960 verbo
886 906 1003 971 enrcis,
1021 903 1110 958 simul
1149 908 1154 922 “

58 993 218 1049 roborabit
234 1007 263 1050 et
280 996 383 1067 spiritu
401 997 521 1064 crucis,
547 997 796 1068 triumphabitque
816 996 947 1055 incarne
965 1007 1028 1062 tua,
1050 997 1111 1048 nott
1148 991 1151 996 ’
1188 1043 1191 1059 λ

58 1085 156 1138 modo
183 1083 378 1158 blasphemias
404 1086 530 1140 nominis
556 1097 585 1142 et
609 1087 674 1140 odia
701 1098 730 1141 et
754 1087 870 1140 furores
893 1084 1056 1156 potentium
1081 1081 1110 1135 in

58 1175 194 1242 mundo,
213 1177 266 1232 sed
283 1177 368 1230 etiam
380 1176 458 1230 vires
476 1187 504 1232 et
516 1178 684 1232 violentiam
701 1176 741 1242 (si
760 1192 835 1247 opus
851 1174 939 1228 fuerit
956 1190 1004 1227 eas
1016 1173 1108 1236 serre]
1167 1240 1172 1248 .

61 1267 186 1319 Satanae
204 1282 274 1320 cum
296 1277 432 1322 totosun
454 1283 555 1336 regno.
590 1267 704 1320 Scimus
730 1266 825 1333 enim,
852 1264 930 1336 quod
949 1263 1042 1332 maJ'nr
1065 1271 1111 1316 est
1230 1255 1231 1258 ’
1263 1240 1266 1255 '

59 1355 105 1422 is,
123 1356 173 1428 qui
191 1355 221 1410 in
237 1357 324 1413 nobis
342 1366 403 1430 est,
421 1373 510 1434 quum
527 1358 569 1426 ia,
587 1357 684 1429 quiin
701 1353 809 1412 mundo
827 1367 882 1410 est.

130 1445 178 1499 Ad
195 1445 290 1510 haec,
315 1456 346 1500 ut
363 1448 450 1516 gratia
474 1459 503 1502 et
520 1449 631 1504 donum
654 1447 715 1501 hoc
731 1446 791 1500 Dei
815 1443 988 1498 cumulatius
1013 1451 1111 1510 esset,

62 1534 173 1588 addidit
200 1535 368 1615 Dominus,
401 1547 431 1592 et
454 1537 567 1592 curavit
589 1536 766 1604 benignitate
783 1549 855 1592 sua.
877 1543 914 1606 ut
938 1531 1114 1600 Principem

63 1635 161 1680 terrae
180 1624 306 1681 haberes
323 1627 483 1696 Evangelio
502 1627 767 1692 studiosissimum,
790 1621 918 1676 heroem
934 1621 1015 1674 illum
1033 1619 1112 1673 inoli.
1207 1609 1214 1626 ’
1270 1597 1294 1626 '⁴

62 1719 129 1771 tum
149 1716 339 1772 edelbertum
357 1732 396 1770 ex
419 1713 650 1771 Marchionibus
668 1709 1017 1782 Brandenburgensibus‚
1044 1707 1111 1762 Ma.

61 1805 190 1882 gistrum
206 1823 343 1876 magnum
363 1807 520 1875 Prussiae,
549 1807 596 1860 cui
616 1805 755 1872 donatum
787 1814 832 1858 est
859 1802 964 1856 eodem
990 1798 1111 1869 spirim,

65 1903 102 1950 ut
128 1897 253 1976 cogitet,
281 1913 356 1969 quae
371 1897 509 1968 Principe
534 1897 619 1967 digna
647 1907 735 1962 sunt,
765 1904 796 1948 ut
823 1893 923 1948 verbis
948 1891 1112 1963 prophetae

65 1995 144 2040 utar.
178 1987 222 2041 Ita
242 1987 290 2053 fit,
313 1997 345 2042 ut
363 1987 517 2060 utriusque
537 1999 669 2042 vestrum
687 1986 831 2058 praesidio
849 1982 1112 2046 christianissimo,

65 2077 374 2150 populusPrussiae,
396 2077 448 2148 qui
467 2081 541 2132 l'orte
557 2093 706 2148 nunquam
720 2075 900 2144 Euangeliou
918 2074 1036 2140 habuit,
1056 2072 1112 2126 uisi

66 2177 207 2240 opertum
227 2167 274 2220 vel
299 2167 506 2231 adulteratum,
533 2183 614 2220 nunc
636 2167 691 2220 late
711 2181 837 2220 currens
863 2175 892 2218 et
911 2161 1113 2224 fructificans,

66 2257 165 2324 audiet
182 2257 372 2328 purissimum
392 2267 422 2312 et
441 2257 654 2324 clarissimum,
678 2255 862 2310 inenarrabili
881 2253 1024 2308 beneficio
1043 2251 1112 2306 Dei.
1201 2263 1205 2271 ‘

66 2346 150 2403 Nam
167 2363 231 2416 ego¹
244 2357 334 2419 puto,
354 2347 536 2418 Euangeliou
558 2349 591 2401 ad
604 2346 792 2402 Germaniam
810 2361 905 2415 usque
922 2343 956 2396 ad
972 2343 1033 2398 hnc
1050 2359 1114 2398 sae..

67 2439 171 2492 culum
186 2455 333 2509 uunquam
351 2440 523 2508 pervenisse
541 2439 701 2494 revelatum
727 2447 756 2492 et
778 2435 844 2490 luce
865 2451 917 2488 sua
937 2442 1113 2501 coruscum,

66 2529 140 2582 lieet
155 2543 216 2583 non
234 2528 378 2596 dubitem,
398 2529 563 2586 Dominum
580 2528 830 2598 sempernovisse
843 2541 915 2580 suos
933 2523 1042 2594 ubique
1056 2536 1114 2580 ter.

66 2635 183 2684 rarum,
205 2617 291 2672 etiam
306 2619 334 2672 in
345 2618 449 2672 mediis
461 2619 596 2674 Sodomis
618 2629 647 2673 et
659 2617 818 2674 Gomorris
829 2631 959 2670 servare.
994 2613 1112 2680 litalde

67 2707 225 2776 mirabilia,
247 2709 282 2761 ad
296 2707 447 2772 Pruseiam
463 2709 550 2778 pleno
566 2724 657 2762 cursu
676 2707 831 2779 plenisque
849 2704 1035 2766 veliseurrit
1052 2704 1118 2784 Eu·

68 2797 221 2868 angelica,
244 2815 304 2869 quo
321 2816 381 2852 non
401 2797 579 2864 vocabatur,
603 2798 653 2850 ubi
676 2815 732 2851 nec
751 2796 963 2868 quaerebatur,
989 2796 1017 2848 in
1037 2795 1112 2849 Ger.
1174 2802 1202 2846 'f
1236 2853 1239 2860 ⁴

66 2887 163 2942 mania
181 2903 254 2942 vero
271 2887 423 2960 superiore
443 2897 471 2941 et
484 2886 645 2954 inferiore,
662 2903 720 2956 quo
733 2887 817 2940 ultro
831 2885 911 2944 venit
929 2872 958 2940 et
977 2873 1112 2968 accessit,
1191 2909 1194 2916 ·
1269 2884 1271 2892 ’

68 2980 149 3034 omui
169 2978 271 3032 furore
289 2988 319 3032 et
341 2976 447 3060 ins-ania
466 2975 702 3046 blasphematur,
729 2977 895 3048 repellitur,
920 2977 1052 3044 ugatur,
1081 2983 1114 3028 ut

67 3069 99 3124 in
118 3069 179 3123 hoc
194 3067 307 3139 impleri
319 3068 420 3132 videas
433 3077 552 3134 sortem,
564 3067 641 3124 illam
662 3067 806 3138 egregiam
817 3065 985 3134 Evangelii,
1005 3065 1040 3118 de
1054 3080 1114 3134 qua

66 3159 180 3216 Paulus
207 3158 278 3214 dicit
294 3159 383 3214 Ronr.
399 3160 452 3213 ΧΑ
477 3158 629 3212 Inventus
653 3172 725 3212 sum
750 3173 771 3212 a
789 3169 853 3214 non
871 3151 1112 3231 praeeuntibus,

66 3249 182 3322 palam
200 3249 343 3322 apparui
359 3247 425 3316 Iris,
446 3249 501 3322 qui
521 3265 569 3302 me
586 3246 921 3320 nonginterropcbant.
953 3245 1004 3300 De
1021 3240 1114 3298 Israel
1208 3287 1218 3308 s

67 3338 247 3396 verodieitz
268 3339 349 3392 Toto
370 3337 419 3392 die
437 3339 585 3410 expando
603 3355 718 3392 ›nanus
735 3352 822 3390 mear
841 3335 887 3389 od
894 3335 1047 3406 populum
1064 3333 1115 3388 in,

69 3427 250 3498 credulum,
272 3435 302 3482 et
315 3424 578 3495 didentemmilti,
604 3428 659 3500 qui
677 3423 817 3480 ambulat
836 3424 905 3478 vias
922 3439 987 3478 non
1004 3422 1113 3517 donas.

69 3519 128 3574 Sed
146 3519 181 3572 ad
203 3527 233 3572 te
251 3527 393 3572 revertor.
468 3540 471 3549 =

135 3607 268 3664 Admitte
296 3607 400 3676 igitur,
428 3607 537 3678 optime
553 3605 692 3672 Praesul‚
718 3603 799 3658 hunc
820 3603 953 3661 libellum
968 3619 1036 3658 cum
1058 3604 1114 3658 ista
1195 3647 1198 3652 .
1281 3617 1286 3628 ¹
1326 3683 1333 3704 x

68 3698 262 3772 confessione
280 3697 339 3766 tui,
367 3709 399 3755 ut
415 3713 469 3768 per
487 3707 515 3750 te
537 3705 566 3750 et
592 3696 622 3750 in
637 3704 666 3748 te
683 3693 862 3764 glorificetur
876 3692 935 3746 lure
955 3695 1117 3748 occasione
1178 3716 1179 3725 ¹

69 3786 338 3852 Christus‚,simul
364 3797 395 3839 ut
415 3785 472 3837 sub
492 3796 542 3838 tuo
566 3783 685 3838 nomine
713 3784 767 3858 illis
786 3785 945 3850 serviatur,
972 3785 1115 3852 quiscere

68 3875 330 3936 Deuteronomiou
343 3873 425 3928 Mosi
446 3883 528 3928 autea
544 3891 604 3928 uon
627 3881 753 3940 tantum,
782 3883 923 3944 qnantum
940 3873 1011 3927 mibi
1026 3875 1115 3925 dona.

66 3981 132 4024 tum
153 3977 219 4034 est,
249 3965 465 4042 intellexerunt.
500 3963 571 4020 Sunt
594 3963 672 4025 enim
694 3961 781 4039 multi
800 3961 959 4038 ethorum
983 3953 1118 4022 noirnulli
1152 4021 1155 4026 ,
