2676 4574
209 287 297 388 ‘ooo
565 387 573 398 ,
730 321 821 390 1523.

233 477 446 550 pediculosum
463 481 615 536 cucullum
638 461 754 554 dptuvi?
771 483 795 550 ¹)
829 479 909 538 Num
926 490 958 536 et
974 481 1103 552 ipsemet
1121 475 1218 550 plone
1236 477 1300 529 lete.

233 581 297 639 tur,
316 570 389 626 nihil
407 571 437 626 in
454 572 548 627 sacris
561 573 659 654 literis
678 575 714 628 de
731 573 898 628 monastice
917 569 1186 648 dici,‚solumque
1199 567 1298 620 seitoc

233 674 295 714 uno
313 662 441 727 solatur,
458 662 546 732 quod„
556 679 617 716 non
629 662 765 718 videatur
775 662 942 717 monastice
955 659 1104 714 controrie
1118 656 1226 712 sacris
1243 657 1296 709 lite.

232 750 273 804 ris
292 763 369 806 esse.
405 751 445 806 Et
470 751 663 806 nihilominus
680 753 710 819 ἓ)
727 753 819 824 hujus
844 749 891 808 sui
912 751 983 806 dicti
1008 759 1162 822 perpetuo
1191 745 1295 802 oblitus

232 841 312 896 uliud
333 841 405 896 nihil
429 843 515 910 lucit,
542 857 631 914 quum
648 843 729 912 quod
746 857 848 897 sacras
865 842 966 898 literas
983 857 1041 912 pro
1058 838 1241 908 monsstice
1257 837 1297 888 ed.

231 932 330 999 ducit,
356 932 453 986 donec
477 929 565 987 e'tism
590 950 606 986 e
625 931 751 988 Christo
772 933 859 987 faciat
880 931 1066 986 monachum
1088 939 1122 984 et
1141 927 1300 990 exMuit

231 1021 407 1091 monialem,
434 1037 510 1094 queo
528 1032 625 1079 tumen
646 1026 778 1078 coniunx
795 1024 849 1078 luit
866 1022 971 1077 saltem
987 1021 1198 1094 desponsata,
1224 1017 1298 1090 quod

133 1119 135 1124 '
231 1111 419 1182 sacrilegitun
436 1124 485 1168 est
500 1113 677 1170 monialibus
696 1113 852 1169 Conutoris
870 1112 954 1168 tenti.
1010 1127 1015 1139 ·
1059 1129 1061 1138 ¹

227 1199 230 1209 “
297 1201 362 1257 Oro
381 1214 479 1258 autem
496 1213 544 1270 te,
566 1204 606 1257 mi
625 1204 803 1270 Brismsnn‚
826 1219 864 1256 ne
882 1201 1013 1256 vinceris
1029 1200 1134 1256 taedio
1151 1209 1205 1256 tot
1222 1215 1297 1254 mon

230 1299 362 1346 urorum
379 1293 502 1348 stolidae
519 1293 711 1362 temeritatis,
730 1307 837 1364 perge,
855 1291 935 1346 sicut
951 1290 1100 1364 coepisti,
1120 1301 1153 1346 et
1174 1293 1295 1348 ostende

229 1397 322 1438 caeco
340 1383 388 1438 isti
407 1383 572 1455 indagaturi
581 1394 596 1452 ,‘
607 1385 634 1438 si
647 1399 755 1455 cupere
768 1383 879 1453 possit,
898 1383 1036 1438 esum-ex
1047 1382 1119 1454 ipso
1132 1383 1296 1438 Aristotele

228 1489 302 1541 suo,
321 1474 397 1528 aliud
416 1474 673 1548 essecommtutiu
690 1483 721 1528 et
737 1473 858 1546 proprio
875 1473 987 1528 dicere.
1019 1473 1076 1528 Vel
1091 1472 1296 1545 Porphyrium

229 1564 256 1618 ei
275 1564 303 1616 in
320 1557 643 1630 memoridmrevooe,
665 1564 718 1636 qui
741 1563 882 1618 occidens
905 1579 1068 1618 commune
1091 1573 1125 1618 et
1143 1567 1295 1635 proprium

227 1663 289 1710 tum
306 1654 461 1709 diversum
475 1654 554 1710 t'scit.
571 1651 601 1720 3)·
631 1653 699 1726 Ego
717 1669 788 1708 sune
806 1655 919 1722 fateor,
947 1667 996 1707 me
1013 1653 1135 1708 victum
1152 1653 1255 1708 taedio
1270 1667 1296 1706 et

158 1747 161 1762 '
227 1759 337 1800 nausea
354 1745 497 1815 legendo,
513 1737 539 1810 i)
558 1745 632 1800 adeo
649 1763 711 1799 uon
728 1746 828 1802 solum
845 1745 988 1812 latinitas,
1014 1745 1203 1815 scupotius
1221 1745 1295 1798 illoti

227 1837 320 1902 nitus,
331 1827 360 1904 ⁵)
378 1851 483 1892 verum
501 1845 531 1890 et
548 1837 610 1908 ipsu
627 1835 760 1892 hominis
778 1837 937 1890 rudissimu
951 1828 978 1897 ⁶)
995 1836 1153 1892 temen'tes
1172 1837 1293 1890 melre.

227 1929 285 1998 git,
310 1927 363 2000 qui
380 1919 410 1995 7)
429 1927 512 1982 nullo
529 1942 618 1982 versu
638 1943 698 1982 non
722 1927 917 1982 stolidissime
941 1927 998 1982 sibi
1022 1927 1081 1999 ipsi
1104 1927 1291 1984 contradicit.

139 2056 143 2065 .
227 2009 345 2074 Tuinen
361 2035 399 2072 ue
418 2019 500 2072 solus
518 2016 580 2070 hoc
597 2016 725 2073 taedium
742 2017 888 2086 devores,
901 2033 968 2070 una
986 2029 1035 2072 eut
1052 2015 1146 2071 ultera
1166 2029 1255 2088 pane
1269 2029 1292 2072 te

226 2107 353 2176 levabo,
380 2125 417 2162 ne
436 2105 558 2175 insignis
577 2106 626 2160 ille
646 2106 777 2162 Conator
795 2106 910 2175 indigne
928 2107 1025 2176 lerut,
1051 2119 1098 2162 tot
1115 2107 1210 2164 libris
1226 2108 1290 2163 nihil

175 2255 176 2264 ,
226 2197 364 2269 potuisse
389 2211 428 2250 ex
452 2209 501 2250 ute
524 2196 699 2268 extorqueri
723 2197 946 2266 responsionis:
974 2197 1058 2268 cupit
1081 2199 1164 2252 forte
1184 2199 1289 2271 etipse

227 2287 293 2342 lieri
311 2285 357 2341 vir
374 2287 520 2341 fumosus

294 2376 431 2432 Primum
447 2375 518 2432 illud
535 2375 652 2447 accipio
670 2376 795 2448 capitale
812 2377 905 2432 totius
923 2377 969 2432 sui
987 2333 1098 2448 libelli,
1128 2381 1217 2452 quod
1233 2381 1289 2450 glo.
1336 2359 1337 2370 ἵ

227 2469 335 2536 riatur,
351 2449 538 2522 monasticen
551 2483 612 2520 non
624 2481 692 2522 esse
706 2479 811 2522 eontra
825 2468 1011 2539 Scripturas,
1029 2486 1068 2524 ne
1076 2470 1145 2541 jota
1158 2472 1289 2543 quidem,

227 2559 296 2614 ideo
321 2555 510 2614 sentiendum
534 2571 603 2612 esse
627 2557 794 2612 secundum
820 2557 892 2612 illud
910 2559 1037 2616 Christi:
1067 2560 1133 2636 Qui
1157 2577 1228 2616 non
1248 2569 1290 2616 est

187 2650 193 2660 ’
228 2657 345 2704 contro
362 2664 439 2716 nos,
457 2663 521 2720 pro
538 2643 630 2702 nohis
646 2653 703 2702 est.
738 2647 820 2702 llaec
836 2650 894 2704 ille.
1335 2663 1336 2666 ’

294 2739 381 2808 Vide,
392 2753 519 2810 quaese,
529 2753 618 2810 quum
629 2731 786 2806 diligenter
798 2739 852 2795 iste
865 2739 996 2797 senator
1010 2757 1111 2796 nteum
1123 2738 1276 2798 libelltuu
1266 2751 1287 2812 ι)

227 2830 348 2899 legerit,
367 2830 395 2884 in
414 2847 475 2902 quo
490 2829 554 2904 ltoc
571 2829 694 2882 unicum
712 2829 785 2899 egi,
797 2841 829 2884 ut
842 2830 1019 2902 probarem,
1038 2833 1138 2904 ipsum
1150 2836 1287 2892 monasti-

174 2915 177 2924 '
229 2937 300 2974 cum
318 2910 492 2984 institutum
503 2935 543 2973 ex
562 2929 665 2982 notura
683 2935 736 2976 sua
754 2935 823 2976 esse
848 2922 1030 2994 contrarium
1057 2925 1155 2980 saeris
1181 2928 1285 2982 literis:
1334 2931 1335 2948 ¹

229 3027 306 3084 quae
323 3019 495 3078 argumenta
511 3010 610 3064 omniu
634 3009 679 3064 sio
703 3009 809 3064 solvit:
835 3027 896 3066 non
925 3021 971 3065 est
997 3023 1119 3080 contra,
1149 3033 1223 3087 ergo
1246 3030 1286 3072 est

182 3161 187 3174 ⁸
229 3117 296 3174 pro.
326 3100 399 3154 ΙΗοιι
423 3099 467 3154 sic
491 3097 656 3169 intelligere
677 3115 727 3154 me
751 3099 844 3168 cogit:
870 3101 1021 3172 Scriptura
1040 3093 1226 3164 sancio-non
1240 3125 1285 3160 no.

229 3191 322 3248 minut
339 3190 503 3244 monachos
520 3189 582 3244 suis
601 3185 787 3256 nominibus,
806 3199 836 3244 et
854 3205 890 3246 ne
906 3207 964 3245 una
975 3184 999 3259 9)
1017 3192 1142 3264 quidem
1154 3195 1220 3268 jota
1233 3212 1286 3250 ne.

229 3281 315 3337 minit
328 3279 418 3348 husius
430 3275 585 3332 vocabuli:
604 3277 778 3346 Minoritue,
791 3279 1022 3364 Augustinens.,
1040 3282 1248 3341 Certhusiens.
1257 3288 1284 3352 ¹)

230 3384 306 3428 etc..
331 3387 403 3440 ergo
420 3387 479 3423 non
498 3379 567 3426 sunt
585 3379 697 3424 contre.
732 3371 780 3424 Sic
799 3371 833 3438 ¹¹)
852 3387 907 3424 nee
929 3373 1034 3439 Anus,
1061 3390 1120 3428 nec
1140 3375 1284 3447 Pelagius,

232 3482 290 3519 nec
314 3463 393 3516 ullus
417 3459 589 3514 haereticus
613 3471 716 3514 contra
734 3459 932 3534 scriptusque
943 3463 998 3517 sed
1015 3479 1124 3524 omnes
1143 3483 1199 3540 pro
1218 3469 1285 3524 Scri

233 3554 331 3626 pturis
351 3562 429 3608 suut.
504 3575 508 3584 ¹

286 3796 307 3844 l)
323 3791 382 3838 Vll.
401 3791 523 3850 applicavi
581 3790 959 3848 tivitll'ilnlomnustmen.
1009 3795 1284 3846 3)νίῑ.-.οι·ο,,,.

236 3868 302 3914 lot-lt.
340 3865 707 3922 l)Vit†elueiueplolibro.
745 3867 1122 3918 5)Vit.lulittllssntlnoritire.
1162 3875 1286 3927 &Vliet

236 3940 471 3988 homslollissitna.
521 3943 544 3992 7)
567 3940 762 3996 Antii-qul.
812 3945 834 3988 Sl
855 3941 1075 3994 vimentis.
1116 3947 1278 4002 ,nvltono

236 4019 270 4070 u)
285 4015 342 4067 vit.
356 4008 488 4070 Minorils,
502 4013 705 4071 Augustiuisoos,
720 4013 906 4062 carthusianus„
947 4020 980 4071 tl)
995 4016 1055 4068 l‘it.
1069 4020 1100 4066 sd
1114 4019 1179 4070 hone
1191 4021 1283 4070 modu
