2674 4570
228 233 328 336 92'
490 263 499 310 ί
719 269 809 352 1521.

293 421 378 480 Nihil
397 423 472 480 alind
484 426 546 495 jam
565 423 683 492 babeo,
700 427 781 496 quod
798 422 936 479 scribant.
973 423 1118 484 Vestrum,
1132 430 1180 478 est
1196 421 1275 488 enirn,

185 557 186 560 ,
228 514 278 586 qui
298 516 325 570 in
345 516 436 570 rebus
455 517 626 584 versamini,
644 515 776 570 scribere
793 517 881 580 mihi,
898 517 962 582 jam
980 531 1060 568 nunc
1078 516 1204 568 demum
1221 529 1275 565 vere

204 603 206 608 “
230 615 260 658 et
277 606 396 676 proprie
414 604 581 658 monacho:
599 609 659 658 no'n
680 613 776 660 tumen
793 620 861 659 sum
878 605 1054 673 inonachus.
1082 607 1200 656 Assunt
1212 602 1275 655 enim

226 693 312 757 multi
329 704 358 748 et
376 695 489 747 maliet
507 693 592 748 astuti
610 694 782 758 daemones,
800 693 849 763 qui
867 692 936 746 mihi
951 705 1081 762 tempus,
1099 691 1184 764 qnod
1198 692 1276 760 ajunt,

228 781 369 848 eludunt,
394 782 446 836 sed
473 784 608 836 moleste.
642 781 692 836 Tu
716 797 786 842 ora,
812 789 843 834 ut
868 800 928 836 non
953 783 1069 835 deserat
1086 789 1135 834 tn‘e
1152 782 1184 836 in
1202 779 1276 832 tinent

157 891 168 904 *
227 870 379 940 Christus,
398 887 432 924 ac
449 867 523 926 vale.
556 871 617 926 Die
635 871 771 925 omniurn
786 871 981 936 Satrctorum,
1000 888 1077 927 antio
1095 867 1253 924 Mnxxt.

922 959 1073 1018 Martinus
1090 959 1253 1014 Lutherus.

284 1097 352 1153 ¹Est
370 1097 398 1152 in
417 1112 483 1151 arcs
500 1096 700 1164 sacrificulus,
726 1098 776 1168 qui
793 1097 922 1168 quotidie
940 1097 1059 1152 missam
1077 1098 1161 1162 lacit,
1186 1107 1276 1150 metuo

163 1201 168 1210 ·
226 1204 298 1242 cum
323 1201 426 1256 magna
450 1185 632 1252 idololatria,
656 1195 690 1238 ut
707 1185 783 1238 aliud
799 1185 871 1240 nihil
890 1187 1023 1272 accedat:
1048 1185 1161 1240 utinam
1179 1187 1275 1258 etipse

227 1285 258 1332 st
275 1291 380 1330 omnes
398 1277 545 1346 p'rivatorii
563 1276 730 1330 istiusmodi
748 1277 850 1330 saltem
867 1276 1087 1342 minuerentur,
1105 1276 1130 1330 si
1148 1277 1178 1330 in
1190 1287 1274 1330 toturn

225 1381 288 1422 non
300 1377 424 1436 possunt
435 1366 535 1420 subito*
545 1365 690 1434 abrogari.
711 1365 819 1436 injuria
830 1365 939 1420 missus
952 1377 1007 1432 est,
1021 1359 1275 1438 privata1n¹lesse,

227 1474 297 1512 cum
314 1473 422 1510 nomen
441 1457 505 1526 ejus
525 1459 562 1510 sit
581 1456 702 1526 synaxis
721 1465 749 1508 et
762 1457 953 1524 communio,
971 1455 1144 1528 Christique
1156 1457 1274 1515 acPauli

191 1533 372 1602 =*institutio
396 1562 451 1617 pro
473 1545 557 1624 vorbi
587 1545 821 1610 annuntiatione,
853 1546 881 1600 id
905 1558 968 1614 est,
992 1548 1037 1600 sui
1061 1548 1205 1602 memoria
1228 1548 1274 1600 fn.

226 1637 358 1708 quentari
376 1637 405 1690 in
422 1635 541 1708 publico
565 1646 593 1689 et
610 1633 735 1689 collecta
752 1632 888 1691 Ecclesia
906 1636 1009 1690 haberi
1020 1637 1134 1708 jubeat.
1170 1637 1199 1692 O
1219 1639 1273 1692 An.

228 1725 404 1787 tionrister-

259 1983 550 2088 wrtrtnriutitt
569 2018 613 2077 tut
630 2016 828 2076 uttenbu-
1004 2015 1058 2071 Nv.
1078 2015 1247 2075 cccxtv.

576 2151 624 2218 bin
647 2149 935 2229 bittuttbtbtt.

217 2323 219 2328 .
276 2293 302 2341 s.
315 2293 387 2344 tutert
402 2291 441 2340 stt.
455 2293 509 2342 uuit
523 2300 593 2356 senen
607 2291 688 2340 suin
701 2301 727 2342 tu
741 2290 865 2343 suscitem
879 2291 1038 2340 unteriunut
1049 2293 1089 2347 itu
1100 2292 1271 2348 subsortitus

225 2361 330 2418 utt⁰itint
344 2365 429 2420 ‘littidtt
442 2369 480 2412 ult
492 2365 666 2410 Baeculonreus
679 2363 831 2420 theologiae.

680 2503 823 2518 m

384 2602 613 2666 seusun-nter
626 2603 644 2648 1.
657 2605 704 2651 m.
729 2603 830 2655 oeuuo
844 2603 883 2656 uu
897 2603 991 2654 maru
1004 2603 1068 2650 tun.
1081 2605 1128 2652 tn.
1240 2579 1250 2602 ⁸

185 2799 193 2812 ,,
229 2699 391 2800 Silentium
409 2760 508 2798 meum
528 2761 587 2800 non
605 2753 648 2798 ost
666 2745 747 2815 quod
764 2760 886 2800 accuses
902 2745 964 2801 hoc
981 2757 1132 2816 tempore,
1154 2747 1204 2818 qni
1218 2747 1271 2818 ipse

228 2832 300 2888 nihil
318 2833 460 2891 hactenus
478 2833 539 2888 huc
556 2835 728 2904 scripseris,
752 2834 780 2888 id
797 2835 878 2906 quod
896 2835 1024 2892 debebas
1043 2848 1092 2903 tu,
1118 2838 1146 2892 in
1165 2841 1218 2891 isto
1235 2854 1271 2890 re.

189 2915 206 2920 ”
228 2939 302 2990 rum,
319 2933 484 2996 vestrarum
509 2923 651 2990 tumultu,
670 2921 700 2990 *)
724 2923 780 2978 nisi
804 2927 840 2979 ud
864 2941 953 2980 urtam
979 2921 1098 2982 Etnseri
1119 2945 1223 2982 vocem
1240 2927 1270 2979 ita

229 3013 451 3082 obstupuissem,
476 3023 507 3067 ut
525 3013 632 3067 mutire
650 3031 711 3068 non
734 3015 826 3082 liceat,
862 3016 921 3071 llui
940 3015 1115 3086 theologos,
1141 3031 1168 3072 et
1186 3021 1268 3072 sortes

230 3103 405 3158 christianae
424 3101 573 3160 doctrinae
591 3117 771 3172 assertores,
794 3121 872 3175 quos
896 3107 938 3160 sic
964 3107 1114 3164 obnoxios
1132 3109 1219 3162 habet
1233 3109 1271 3162 vir

229 3209 326 3258 unns,
349 3202 379 3248 et
396 3193 420 3246 is
439 3191 558 3263 quidem
578 3191 690 3257 malus,
714 3193 801 3265 idque
820 3197 847 3248 in
865 3213 950 3250 causa
969 3198 1090 3268 pietatis.
1128 3197 1208 3270 Quin
1223 3212 1269 3250 vos

225 3285 267 3358 illi
280 3281 446 3354 opponitis?
463 3282 532 3354 qnin
552 3297 634 3360 arma
648 3285 788 3336 adversus
808 3301 876 3337 cum
896 3285 1018 3340 liter-uria
1032 3289 1195 3357 expeditis?
1211 3288 1271 3358 quin
1289 3325 1291 3328 .

229 3373 400 3447 plebeculae
418 3382 534 3426 vestrae
552 3370 678 3425 hominis
701 3372 841 3426 insaniam
864 3385 891 3426 et
914 3375 1091 3445 impietatem
1109 3377 1270 3430 declaratis⁷

231 3463 324 3535 quue
342 3480 411 3516 cum
430 3458 538 3516 reiciat
555 3477 677 3544 omnes,
702 3463 751 3532 qui
768 3463 918 3516 Christum
937 3466 1072 3534 sapiunt,
1097 3468 1211 3533 conari,
1235 3478 1270 3520 ta.

172 3546 177 3560 ’
198 3593 206 3610 .
230 3571 299 3610 men
316 3563 342 3609 te
362 3557 389 3610 in
407 3553 522 3624 primis,
540 3553 676 3624 quicum
696 3553 809 3607 laurum
827 3555 1024 3626 theologicum
1038 3573 1133 3628 geras,
1149 3560 1178 3612 ni
1188 3559 1268 3622 tillon,

234 3667 273 3676 -ιιι

258 3767 263 3772 ,
282 3727 302 3771 ll
329 3723 398 3769 Auri
408 3725 422 3766 l'.
451 3723 573 3780 privatim.

752 3797 756 3824 l

232 3821 458 3836 W

230 3885 243 3996 p
274 3859 305 3997 :t
321 3879 359 3962 ur
369 3877 443 3927 ruint
456 3879 490 3928 ue
504 3879 651 3961 tibicinium
665 3881 703 3931 tn
717 3881 802 3936 stetu
816 3882 857 3930 ten
871 3881 979 3932 ttuitrttt
992 3883 1064 3932 tuter
1077 3882 1268 3936 siticensis

221 3975 224 3991 .
245 3961 271 4002 ur
288 3960 335 4006 err.
