2736 4564
504 97 521 130 κ
562 87 565 104 1

536 261 648 358 ‘usu
1095 282 1137 350 ts
1175 235 1180 248 κ

91 437 147 490 Μ
159 435 360 487 Aeriiaberl.
374 437 420 488 ast.
434 439 457 484 b.
484 440 686 560 ‘suffimen'
704 439 774 496 lif·
791 441 822 488 ll.
848 437 948 492 curto
962 440 1002 492 itta
1017 439 1111 492 biri&

596 515 674 562 ‚crisi

68 647 224 752 Salutem.
259 675 428 750 Methodua
447 703 496 750 tua
513 695 543 761 ⁹)
561 695 723 766 gratissime
741 706 800 752 est:
818 693 888 752 nihil
901 705 960 764 est,
978 695 1059 768 quod
1070 712 1138 751 mea
1201 769 1203 774 Ι

66 783 193 854 penuria
220 791 287 839 tuas
313 799 387 856 opes
414 783 466 840 hic
495 799 629 844 moneat:
657 801 802 858 prospere
826 786 957 860 procede
986 797 1016 840 et
1039 802 1137 854 regna.

69 873 154 944 Opto
172 883 274 928 tecum
292 890 376 940 esse,
404 885 437 928 ut
461 875 496 930 de
522 877 600 930 votis
624 875 686 932 istis
709 877 831 932 delinire
848 877 941 932 liceat.
976 875 1138 932 infeliciter

67 980 124 1034 per
141 963 244 1018 literas
262 963 445 1038 disputatur,
467 966 545 1022 ,dum
568 965 631 1022 boc
656 967 728 1022 ilius
753 967 882 1024 verbose
899 951 1026 1034 'scribit,
1055 967 1138 1039 quod

66 1054 144 1108 alter
160 1053 279 1109 abunde
296 1054 406 1125 habet,
428 1067 458 1110 et
475 1057 599 1124 omittit,
625 1059 707 1129 quod
723 1058 854 1120 maxime
871 1058 1041 1131 quaeritur:
1060 1057 1139 1114 sicut

66 1143 98 1198 in
116 1143 174 1199 ista
192 1145 392 1201 confessionis.
408 1147 581 1218 quaestione
600 1147 733 1217 contigit.
769 1149 797 1203 Si
815 1157 941 1220 potero,
959 1149 1138 1204 constituam

66 1251 127 1288 nos
145 1234 177 1288 in
195 1234 294 1306 aliquo
312 1235 381 1290 loco
400 1247 570 1308 praesentes
588 1237 726 1307 occulte,
755 1237 822 1310 quia
839 1254 887 1294 res
904 1239 960 1294 ista
976 1254 1025 1302 me
1042 1237 1140 1294 solici.

69 1334 135 1390 tum
152 1321 258 1379 habet.
293 1323 413 1380 interim
431 1325 459 1379 in
478 1337 601 1382 ventum
618 1327 740 1386 fabuler.

136 1414 269 1482 Scribis,
296 1425 326 1470 te
351 1415 380 1472 in
404 1433 441 1472 eo
465 1433 551 1485 esse,
576 1427 609 1472 ut
633 1429 739 1475 votum
764 1419 944 1476 solvendum
961 1417 1086 1486 credes,
1113 1419 1138 1474 si

67 1504 183 1559 servari
202 1521 263 1560 non
282 1506 399 1574 possit,
417 1524 454 1562 ne
471 1517 578 1564 votum
594 1516 651 1580 atet
668 1525 737 1562 curn
755 1521 891 1582 peccato.
928 1509 1084 1578 Obsecro,
1102 1525 1140 1566 eu

68 1613 132 1650 noo
151 1595 368 1650 obscurissime
385 1596 448 1651 hoc
468 1598 561 1657 dicist
586 1615 685 1654 nonne
703 1601 858 1668 sicilicis,
885 1617 919 1654 ac
938 1601 963 1655 si
980 1602 1053 1656 velie
1070 1600 1139 1656 ideo

68 1703 131 1740 non
149 1695 231 1740 stare
247 1695 371 1756 votum,
388 1687 456 1758 quia
475 1688 656 1758 impossibile
675 1701 721 1744 est
738 1691 874 1762 impleri?
895 1689 935 1746 Et
950 1689 1010 1746 hac
1027 1687 1140 1744 ratione

70 1777 159 1830 etiam
178 1775 277 1830 divina
295 1787 451 1848 praecepta
468 1778 611 1833 solvenda
626 1781 788 1837 concedas.

139 1871 191 1920 An
208 1863 238 1919 id
256 1863 371 1932 differt,
390 1867 472 1938 quod
489 1879 647 1940 praecepta
664 1879 734 1924 sunt
750 1867 837 1924 nobis
857 1869 1009 1942 imposita,
1034 1882 1140 1927 votum
1211 1921 1214 1928 .

72 1957 152 2014 ultro
177 1967 224 2012 est
247 1957 446 2014 accersitum?
479 1957 561 2030 Quid
585 1957 648 2013 hoo
670 1957 774 2028 efficit,
799 1959 855 2015 nisi
880 1961 964 2032 quod
988 1979 1050 2018 non
1072 1962 1140 2018 ideo

75 2045 272 2114 solvendum,
303 2046 368 2117 quia
386 2046 589 2117 impossibile,
616 2048 671 2102 sed
688 2048 754 2120 quia
771 2049 851 2104 ultro
870 2049 1071 2106 accersitum?
1099 2051 1143 2106 ,te

76 2135 107 2190 id
124 2135 201 2192 ultro
220 2136 415 2206 accersitum,
427 2139 492 2208 jam
509 2137 560 2194 lex
569 2137 630 2201 Dei
642 2138 751 2196 iactum
763 2151 826 2205 est,
843 2140 959 2196 dicente
972 2141 1140 2212 Scriptura:

76 2227 194 2282 Voeete
211 2234 242 2282 et
258 2228 390 2284 reddite.
425 2228 474 2284 Ne
493 2237 526 2284 tu
541 2229 700 2297 rationem,
718 2231 771 2284 sed
789 2230 970 2301 Scriptorum
988 2234 1016 2286 in
1034 2231 1091 2288 bac
1110 2247 1142 2288 re

75 2317 238 2386 observes,
264 2329 294 2373 et
311 2323 415 2374 votum
431 2335 447 2374 a
465 2319 575 2390 priori,
599 2336 692 2376 non-a
711 2319 871 2392 posteriori
887 2323 1058 2390 rescindas,
1079 2323 1142 2378 hoc

74 2415 144 2476 est,
172 2417 207 2462 ut
225 2407 322 2478 legem
340 2409 401 2464 voti
425 2419 455 2465 et
478 2409 565 2464 ritum
583 2409 647 2480 ejus
669 2412 827 2480 confutes,
855 2409 964 2484 inquo
982 2429 1038 2482 ego
1055 2413 1142 2468 sudo.

74 2501 117 2555 Ut
133 2500 295 2572 impleatur
312 2511 437 2556 autnon
450 2500 622 2572 impleatur,
638 2499 712 2556 nihil
723 2517 849 2570 moror,
866 2515 964 2574 neque
979 2499 1052 2559 hinc
1064 2502 1142 2558 eliutl

72 2607 122 2647 me
140 2589 267 2646 efficies:
291 2590 335 2668 sic
353 2589 432 2646 euim
448 2601 479 2646 et
495 2590 656 2646 divortium
673 2591 834 2662 probabis,
851 2592 876 2646 si
894 2593 1039 2664 conjuges
1057 2607 1142 2664 pror.
1201 2615 1207 2627 ¹
1278 2653 1283 2665 .

75 2697 127 2736 sus
146 2697 210 2736 nou
227 2679 342 2753 possint
359 2681 521 2736 convenire
539 2679 649 2735 animo.
683 2684 742 2738 Sed
759 2691 792 2736 ut
807 2681 927 2749 valeat,
944 2685 1073 2738 autnon
1090 2699 1142 2738 ve.

74 2767 134 2827 leet
150 2757 277 2838 votum,
301 2769 350 2826 hic
367 2768 439 2824 mibi
456 2767 653 2825 laborandum
670 2770 796 2825 videtur.

138 2859 313 2926 Methodus
330 2869 380 2916 tua
395 2877 459 2914 non
475 2859 561 2915 stulte
580 2859 668 2928 dicit,
679 2871 821 2916 votorum
832 2861 1008 2922 servitutem
1020 2861 1144 2918 alienam

75 2967 142 3006 esse
161 2949 198 3005 ab
210 2949 388 3018 Evangelio,
405 2959 435 3004 et
446 2949 645 3004 adversariam
662 2951 796 3008 servituti
808 2951 946 3030 spiritus:
964 2969 1070 3008 rerum
1087 2969 1144 3008 nos

77 3043 112 3098 de
136 3044 235 3108 rotis,
260 3057 323 3096 non
348 3041 385 3094 de
410 3040 552 3100 servitute
577 3050 720 3096 votorum
745 3039 795 3100 hio
822 3043 1017 3114 disputamus.
1052 3037 1144 3102 Nosti

76 3135 173 3200 enim,
196 3149 274 3204 quae
291 3131 329 3190 sit
345 3139 373 3185 et
389 3131 439 3186 ubi
455 3131 494 3184 sit
512 3130 558 3184 illa
575 3129 693 3186 libertas
712 3141 741 3186 et
758 3131 899 3190 servitus:
928 3151 989 3190 non
1007 3133 1036 3190 iu
1053 3135 1142 3203 votis,

78 3223 175 3280 sedin
194 3223 323 3296 spiritu,
353 3235 423 3275 curn
441 3220 516 3275 liber
533 3221 629 3294 possit
654 3237 687 3276 se
706 3221 844 3278 omnibus
862 3223 977 3294 legibus
996 3226 1144 3279 omniurn.

79 3315 145 3384 que'
154 3312 288 3368 dominio
312 3309 440 3365 subdere
459 3325 529 3363 cum
543 3311 693 3382 Apostolo
706 3309 819 3378 Paulo,
845 3313 998 3384 quomodo
1009 3313 1038 3373 S.
1051 3313 1143 3368 Bern.
1165 3312 1167 3322 '

80 3402 190 3456 bardus
209 3413 240 3458 et
256 3400 425 3474 quicunque
442 3397 566 3456 feliciter
582 3399 712 3470 religiosi
726 3400 863 3470 suerunt,
879 3401 936 3458 sub
953 3411 1058 3460 votum
1074 3417 1143 3458 sese

83 3491 275 3548 tradiderunt.

146 3579 228 3636 Nam
244 3577 367 3634 ethaeo
385 3577 570 3647 evangelicae
587 3577 729 3632 libertatis
748 3595 815 3648 pers
833 3585 896 3645 est,
912 3593 1006 3650 posse
1023 3595 1055 3634 sc
1072 3579 1143 3636 sub.

84 3671 152 3726 dere
169 3681 242 3726 roto
260 3678 289 3726 et
305 3668 434 3738 legibus:
453 3677 481 3722 et
498 3669 548 3725 lex
559 3665 620 3722 Dei
637 3683 699 3726 non
716 3677 763 3724 est
780 3683 820 3726 ex
832 3666 902 3738 fide,
919 3667 957 3726 ait
967 3672 1143 3742 Apostolus,

133 3879 157 3930 ⁵)
171 3878 234 3928 stru
248 3877 298 3926 toci
311 3875 462 3936 tinctorio,
482 3877 557 3932 ensi
575 3877 620 3926 br.
639 3881 662 3924 t.
674 3877 708 3927 id.
721 3877 792 3932 mar.
818 3877 913 3930 vieto
932 3869 1054 3950 Μίνωα
1076 3882 1140 3932 ωτι

89 3954 183 4010 terrast
196 3957 235 4006 tu.
