2672 4568
502 283 594 356 rtet.
1021 279 1083 354 tlt

23 441 77 502 ists
103 435 229 500 Surenas
251 442 376 513 uelutis,
401 455 433 502 ut
452 445 487 501 iis
504 445 592 502 initiis
618 445 698 508 viem
720 437 777 501 sibi
794 447 877 518 peret
894 435 931 501 sd
948 451 1084 502 cottum

18 536 152 602 pendam
170 534 390 606 simplicitatem
408 535 536 604 Christi,
560 547 591 592 et
616 537 784 592 introducat
809 535 1025 609 quaestiones,
1051 522 1084 590 ut

24 625 137 680 Pardus
155 625 211 691 eit,
227 623 465 682 internuncios.
499 627 547 682 Sio
565 627 654 696 lecit,
672 627 742 682 dum
756 625 977 698 philosophiam
996 626 1026 680 in
1038 635 1084 680 to.

24 729 87 770 tuni
103 715 208 772 orbern
221 727 250 772 et
263 717 451 774 ceremonias
463 718 592 786 invexit,
610 719 697 774 nullis
715 713 922 772 resistentibus
933 712 1084 788 episcopis

25 817 55 861 et
76 823 133 878 pro
158 805 224 862 fidei
248 805 382 864 libertate
399 818 429 864 ot
455 808 621 864 sinceritate
645 803 801 866 stantibus.
836 807 884 862 Sic
899 809 990 866 modo
1008 801 1084 878 apud

27 913 84 952 uos
102 897 139 952 de
158 897 241 952 cultu
252 897 433 953 Sanctorum
451 908 482 954 et
497 899 533 953 de
547 893 825 954 sensuSsnctortun
841 899 870 956 in
889 899 975 954 coelo
993 897 1091 952 civit.

26 987 123 1055 latur,
140 989 190 1044 eui
206 1001 264 1043 nos
281 989 458 1055 meditamur
474 1005 649 1058 occurrere,
667 1000 810 1062 quantum
825 988 977 1045 Dominus
995 987 1084 1042 dede..

27 1079 74 1134 rit.
110 1077 160 1134 Sic
185 1079 407 1151 proculdubio
431 1073 644 1142 waldensibus
670 1080 805 1136 frutribus
830 1071 1084 1152 quoquesccidit·

29 1169 79 1226 Tu
95 1169 181 1240 igitur
199 1169 244 1224 sic
256 1169 360 1234 incito,
377 1185 467 1239 urge,
485 1170 576 1238 inste,
594 1169 679 1238 exige
692 1185 724 1224 ee
738 1185 813 1242 quae
826 1167 991 1226 necessaris
1003 1175 1085 1236 sunt,

29 1259 145 1316 sedicet
159 1257 256 1316 'fidem
274 1271 305 1318 et
321 1259 510 1328 charitatem,
536 1275 611 1331 quse
630 1259 657 1314 sl
672 1275 731 1314 non
750 1267 834 1316 entes
853 1259 1084 1332 amplectuntur,

30 1350 179 1404 detestsre
195 1365 302 1404 eorum
320 1349 467 1404 levitatem
484 1350 563 1404 circe
581 1347 634 1404 elis
651 1360 774 1404 externe
792 1355 822 1404 et
839 1367 899 1406 non
916 1348 1086 1404 necessarie

31 1455 100 1496 sese
125 1433 330 1509 occupantem.
365 1439 476 1511 Neque
503 1439 582 1494 enim
599 1440 697 1510 ipsum
715 1451 930 1496 recrementum
948 1439 1017 1494 ideo
1034 1455 1087 1493 ne.

30 1531 195 1586 cessarium
210 1541 273 1597 est,
300 1539 332 1584 ut
349 1529 390 1583 ob
406 1529 503 1600 ipsum
529 1529 601 1584 fides
619 1539 647 1583 et
670 1529 795 1584 chorites
813 1529 873 1586 sint
889 1529 1085 1586 omittendset
1118 1561 1130 1568 -

31 1621 157 1676 emitum
175 1632 221 1676 est
239 1621 267 1674 in
283 1617 390 1676 vilibus
408 1615 462 1676 iliis
479 1619 646 1688 digladiari,
671 1619 810 1690 neglectis
828 1619 966 1691 pretiosis
984 1619 1039 1674 illis
1057 1625 1088 1674 et

33 1711 220 1766 salutaribus.
232 1758 236 1767 ,
622 1719 624 1726 “
987 1711 990 1716 ’

95 1801 215 1856 Τιιιιι
232 1817 268 1856 ne
286 1800 487 1872 importunum
504 1782 683 1872 responsum
701 1799 769 1855 dem
787 1799 902 1865 stultis,
927 1815 965 1855 ne
982 1806 1089 1871 putent

34 1908 81 1947 me
105 1907 168 1946 non
193 1906 281 1961 posse
299 1892 494 1964 respondere,
519 1889 563 1946 sic
580 1892 665 1946 dieo:
692 1889 818 1946 liberum
835 1884 918 1958 esse,
936 1891 1090 1946 Christum

35 1979 149 2038 edomn'
173 1991 204 2035 et
220 1982 350 2036 invocari
368 1980 424 2036 sub
453 1989 660 2042 sacremento.
684 1995 781 2052 neque
798 1981 876 2034 enim
893 1977 1089 2052 peccat,·qui

35 2091 101 2128 non.
117 2073 241 2139 adoret,
268 2087 365 2143 neque
391 2080 508 2142 peccat,
532 2071 583 2143 qui
609 2071 720 2126 adorat.
754 2071 811 2126 llic
830 2081 895 2126 esto
918 2063 983 2126 linis
1001 2071 1090 2140 hujus

36 2159 258 2230 contentionis,
283 2177 339 2216 nec
361 2161 513 2232 permittes
538 2159 708 2216 alterutrum
731 2171 841 2230 partem
859 2161 926 2230 cogi
943 2169 974 2214 et
991 2159 1089 2229 exigi,

35 2267 109 2308 neve
126 2253 195 2324 quis
220 2251 345 2306 adducet
362 2251 409 2306 vet
435 2251 619 2320 praeputium
635 2249 684 2304 vel
711 2249 988 2319 circumcisionem,
1013 2265 1090 2307 nevo

35 2359 67 2398 ιι
84 2343 213 2406 invicem
231 2339 283 2396 liic
303 2340 448 2412 judicent.
481 2339 510 2396 T
511 2357 530 2394 u
547 2356 619 2410 ergo
636 2339 815 2408 contemtis,
841 2349 871 2396 et
888 2357 941 2410 per
958 2351 1092 2396 contem.

36 2435 221 2490 lucidamus
240 2431 328 2487 ntem
346 2431 375 2486 in
392 2429 449 2492 hnc
467 2445 499 2484 re
516 2429 747 2485 contentionem.
783 2428 840 2486 Ubi
857 2427 929 2487 fides
948 2440 977 2488 et
994 2429 1091 2487 chari.

34 2537 78 2580 tes
96 2525 197 2590 tuerit,
213 2523 264 2579 hic
282 2520 402 2594 moneri
417 2537 478 2576 non
493 2529 610 2592 potest.
634 2535 732 2592 neque
750 2520 898 2576 adorando
916 2534 1013 2594 neque
1029 2536 1092 2578 non

34 2615 203 2670 adorandos
230 2613 280 2670 ubi
303 2621 405 2672 eutem
427 2609 500 2664 fides
525 2617 554 2662 ιι
568 2609 706 2685 Ιιιιιίιιι
724 2623 784 2664 non
807 2610 915 2678 fuerit,
939 2625 1093 2682 nunquam

33 2703 168 2778 peccabit
182 2703 279 2771 ullus,
294 2701 358 2759 sire
371 2697 521 2758 adorando
533 2699 597 2753 sive
609 2715 669 2754 non
681 2699 830 2760 edomndo
842 2739 850 2766 ‚
867 2700 928 2756 imo
940 2719 1092 2776 nunquam

33 2814 94 2851 non
110 2797 140 2851 in
158 2804 257 2850 totum
274 2789 402 2850 vivendo
419 2785 564 2862 peccabit.
599 2785 684 2844 Fides
707 2789 785 2844 enim
802 2789 846 2844 sic
863 2790 982 2862 adoret,
1009 2789 1091 2866 quod

33 2887 116 2940 illum
132 2885 233 2942 solum
250 2881 303 2938 sibi
321 2881 479 2952 proponit,
498 2876 584 2950 cujus
602 2873 641 2933 ibi
660 2893 770 2948 corpus
787 2887 816 2934 et
833 2876 1003 2950 sanguinem
1021 2899 1090 2944 esse

33 2989 93 3032 non
110 2973 235 3034 dubitet.
253 2973 307 3028 llic
317 2974 344 3028 si
357 2971 397 3026 illi
409 2969 587 3026 contentiosi
603 2967 698 3022 nolint
709 2971 968 3027 concomitantiam
980 2975 1090 3044 dicere,

32 3069 131 3122 dicant
147 3065 251 3132 aliter,
270 3073 300 3118 et
317 3063 451 3117 desinant
467 3057 665 3128 contendere,
684 3075 753 3134 eum
770 3059 800 3114 in
817 3076 849 3114 re
867 3061 930 3134 lpse
947 3067 1089 3120 conveni.

32 3169 89 3211 ant.
124 3155 228 3212 Nemo
246 3153 327 3210 enim
342 3161 450 3222 neget,
466 3165 522 3204 nec
537 3149 642 3202 fratres
660 3149 715 3220 ipsi
733 3160 823 3220 puto,-
846 3165 957 3221 corpus
976 3163 1006 3208 et
1022 3171 1089 3209 san.

32 3249 148 3318 guinem
160 3244 271 3300 chtisti
283 3241 322 3298 ibi
333 3255 419 3310 esse,
437 3239 487 3312 qui
500 3237 666 3294 adorandus
684 3247 738 3294 est.
773 3236 840 3298 Hoc
854 3235 960 3296 sufficit
977 3234 1090 3298 conco.

31 3336 195 3394 mirantium
213 3330 288 3392 dici.
316 3329 376 3408 Qui
392 3346 466 3384 vero
485 3326 607 3384 scrutari
624 3327 744 3398 volent,
770 3331 922 3400 quomodo
939 3329 1029 3389 deitas
1048 3333 1100 3390 ihl'

32 3425 304 3499 comprehendatur
329 3415 579 3483 concomitanter,
606 3408 664 3472 bos
683 3430 771 3488 segne
795 3427 827 3472 ut
844 3419 932 3474 stulte
949 3423 1087 3484 curiosos

31 3529 61 3572 et
77 3514 247 3572 seruilibus
259 3507 508 3584 phantasmatibus
526 3501 556 3560 in
566 3506 710 3576 mysterii
727 3505 787 3561 Dei
800 3517 935 3576 ruentes,
953 3525 1013 3582 quo
1031 3523 1085 3570 ecs

32 3624 134 3664 serves
160 3605 191 3660 in
214 3598 400 3673 simplicitate
425 3595 492 3651 fidei
516 3606 545 3650 et
568 3596 598 3651 in
616 3611 688 3666 pure
713 3595 888 3651 sacrementi
906 3600 1083 3668 cognitione.

31 3695 111 3762 Nam
133 3694 186 3751 ubi
210 3689 278 3747 ntia
301 3688 503 3760 pbmtnsmstn
529 3685 624 3756 stults-
643 3693 673 3738 et
698 3701 757 3740 non
774 3687 942 3740 necessaris
958 3688 1087 3746 admisse

31 3789 154 3854 fuerim,
178 3784 318 3842 curiosos
345 3775 485 3854 reddent,
510 3783 541 3829 et
566 3772 733 3846 posthabite
759 3769 835 3843 tide,
861 3791 981 3832 onmem
1008 3781 1086 3836 illem

33 3879 176 3932 sentinam
200 3871 325 3927 deloco
351 3866 484 3935 infinito,
507 3877 623 3932 vacuo,
649 3864 823 3936 quantitate,
850 3859 1030 3937 substenta,
1056 3871 1088 3924 el

32 3965 170 4042 quicquid
187 3963 262 4020 ratio
277 3947 417 4020 muratis
435 3965 465 4013 et
477 3952 668 4030 pbilosophis
685 3953 828 4012 hactenns
846 3954 980 4032 inermis,
997 3959 1085 4017 tdlee

115 4060 186 4140 llll.
210 4051 256 4124 11.
411 4048 414 4058 “
770 4041 785 4134 J
843 4047 883 4116 tt
