2736 4564
345 250 353 277 l

540 307 630 376 asar.
1029 355 1034 370 t
1058 265 1120 380 ¹as

116 461 199 544 Quid
213 479 291 534 ergo
310 466 442 537 trepides
457 466 530 524 huic
544 468 708 524 sententiae
722 465 836 524 divinae
849 469 1016 526 concedere
1027 471 1118 528 etiam
1194 503 1198 511 «
1218 479 1222 486 ’
1279 535 1283 542 ,

55 555 193 612 adsersus
219 569 328 626 portas
353 557 458 613 inferi?
495 559 569 614 Non
594 559 637 615 ita·
654 560 745 616 habet
763 561 969 634 juramentum
987 563 1116 618 filiorum

55 641 144 695 lsrael
161 645 274 697 lactum
293 643 474 701 Gibeonitis.
510 647 591 703 Nam
614 651 643 704 in
660 627 805 706 msn'darts
824 652 999 722 habebant,
1017 663 1050 709 ut
1068 659 1119 724 pa'.

56 749 117 785 cem
134 733 302 802 offerrent,
330 745 359 790 et
377 738 506 792 oblatam
524 739 729 809 admitterent,
754 751 818 796 turn
836 744 1007 814 proselytos
1034 753 1064 798 et
1081 745 1118 800 ad

55 822 139 876 ritum
163 839 253 877 suum
270 829 473 883 concedentes
498 831 683 901 colligerent.
718 833 805 903 Qfluae
831 823 930 887 om'nia
954 834 984 889 in
1003 833 1118 890 Gibeoa
1168 893 1175 902 ,

54 915 117 967 nius
133 915 207 969 iusta
225 926 312 975 sunt:
330 917 401 972 nihil
419 919 458 972 ibi
476 929 582 976 contra
599 920 770 977 Dominum
788 925 896 978 tactum
914 935 980 993 est,
997 933 1047 981 aut
1059 926 1119 996 spi.

55 1005 153 1060 ritibus
170 1009 289 1062 erroris
308 1009 545 1066 consulentibus.
580 1012 664 1068 Licet
681 1016 761 1068 enim
778 1014 808 1070 in
825 1015 969 1086 principio
982 1004 1118 1070 murmu-

55 1107 163 1164 rarent,
189 1106 290 1152 tamen
308 1109 414 1169 postes
432 1101 733 1172 comprobaverunt·
768 1134 770 1142 ι

119 1186 182 1240 Huc
198 1189 295 1254 adde,
315 1191 395 1260 quod
417 1192 576 1248 caelibatus
594 1205 641 1248 est
656 1209 739 1250 mere
757 1195 880 1251 humani
898 1196 1016 1262 statuti,
1033 1195 1118 1268 qnod
1158 1185 1160 1188 ¹

54 1276 164 1346 homo,
176 1279 232 1350 qui
249 1281 370 1348 statuit,
388 1284 508 1338 solvere
525 1293 640 1355 potestt
656 1301 731 1355 ergo
749 1295 779 1340 et
795 1285 918 1358 quilibet
932 1286 1117 1342 Christianus

56 1381 156 1439 potest.
188 1369 283 1442 Quod
300 1371 387 1439 dico,
406 1373 429 1428 si
446 1374 534 1430 etiarn
553 1393 568 1428 a
586 1375 780 1431 daemonibus
797 1385 937 1432 statutum
953 1393 1014 1432 non
1026 1385 1116 1444 esset,
1201 1373 1212 1390 ”

56 1461 105 1514 sed
122 1477 173 1532 per
188 1455 303 1515 b‘onum
314 1461 482 1520 hominem.
517 1465 548 1520 T
549 1465 626 1520 olem
643 1467 820 1522 sententiam
831 1467 893 1523 Dei
910 1469 946 1522 de
958 1466 1117 1524 monachis

58 1541 121 1604 cum
137 1569 198 1606 non
212 1552 359 1618 habeam,
376 1571 437 1608 non
456 1563 502 1609 est
519 1563 617 1610 tutum
636 1559 715 1612 idem
732 1558 768 1612 de
782 1555 815 1612 iis
828 1571 971 1613 asserere.
1005 1555 1116 1626 Neque

56 1643 130 1696 enim
144 1659 202 1712 ego
228 1645 368 1698 auderem
386 1646 489 1716 sequi,
516 1661 607 1717 quare
630 1663 687 1702 nec
714 1647 796 1702 alteri
816 1649 997 1714 consulere,
1022 1659 1054 1702 ut
1069 1663 1118 1718 se.

60 1745 168 1806 quatur.
205 1735 325 1788 Utinam
352 1737 412 1790 hoc
435 1739 531 1791 tacere
554 1739 725 1808 possimus,
749 1753 786 1792 ne
810 1739 936 1812 ulterius
958 1739 1117 1810 quisquam

57 1823 214 1879 monachus
233 1823 329 1893 lieret,
347 1837 394 1880 sut
407 1826 485 1880 intra
503 1843 597 1881 annos
613 1827 638 1891 ²)
656 1827 787 1896 tragismi
804 1827 940 1884 resiliret.
975 1827 1118 1882 scandala

59 1915 139 1967 etiam
155 1913 272 1993 vitanda
289 1925 378 1982 sunt,
395 1916 447 1970 ubi
464 1933 526 1970 non
543 1927 590 1971 est
606 1917 759 1970 manifesta
778 1917 928 1988 Scriptura
944 1933 1000 1988 pro
1016 1915 1119 1984 nobis,

60 2005 239 2075 quantumvis
257 2005 334 2059 licita
352 2015 430 2062 sunt.

125 2095 211 2169 Quod
230 2095 318 2150 etiam
334 2097 466 2168 optimus
483 2095 727 2156 vircarlsludins
744 2111 784 2152 ex
799 2095 896 2152 Paulo
912 2095 999 2151 citat:
1016 2095 1118 2151 viduas

55 2187 182 2257 juniores
198 2189 333 2242 vitandas
344 2205 427 2256 esse,
444 2198 475 2244 et
491 2165 714 2258 sexagenariam
731 2187 893 2258 eligendam
911 2202 989 2255 esse,
1004 2187 1118 2244 utinam

58 2279 252 2334 concluderet
290 2277 385 2333 Facile
403 2281 482 2334 enim
500 2277 603 2351 aliquis
622 2279 700 2334 (licet
714 2279 923 2350 ‚Apostolum
940 2277 1008 2331 ho'c·
1020 2275 1056 2331 de
1073 2275 1129 2332 fu.'

57 2369 125 2422 turis
142 2369 296 2436 statuisse,
313 2385 382 2422 omn
400 2369 435 2422 de
453 2369 617 2440 praeteritis
636 2367 754 2422 deliniat
766 2368 928 2434 damnatas,
947 2367 1116 2443 quia-iidem

57 2461 181 2528 priorem'
196 2460 310 2514 irritam
327 2459 466 2514 iecerint:
494 2469 582 2531 atque
599 2459 643 2514 sio
661 2459 743 2514 elusa
761 2459 904 2519 autoritas
921 2457 970 2514 illa
987 2475 1049 2515 non
1061 2460 1117 2514 en't

56 2550 141 2604 fidelis
164 2561 248 2622 petra
267 2549 523 2605 conscientiarum.
557 2549 643 2606 Hanc
661 2550 740 2604 enim
758 2549 942 2620 quaerimus.
971 2548 1116 2605 damieta

55 2643 122 2696 ratio
132 2681 141 2709 ,
158 2641 240 2722 quod
258 2641 365 2696 molius
383 2647 428 2695 est
444 2639 557 2696 nubere
575 2655 664 2712 quam
681 2641 745 2707 uri,
762 2655 817 2695 seu
833 2649 866 2696 ut
882 2647 1037 2712 peccatum
1055 2641 1115 2696 for.

54 2733 202 2787 nicationis
216 2731 344 2798 vitetur,
362 2729 581 2786 matrimonium
597 2731 626 2784 in
642 2740 767 2802 peccato
791 2723 858 2785 fidei
875 2729 989 2786 tractas
1002 2729 1113 2799 ineunt,

45 2823 180 2892 quidest
196 2822 253 2877 nisi
272 2823 371 2876 ratio-i
411 2822 590 2891 Scripturam
610 2819 782 2892 quaerimus
807 2821 1055 2884 ettestimonium
1072 2821 1116 2876 di.

55 2913 133 2968 vinae
151 2914 328 2968 voluntatis:
346 2914 410 2986 quis
428 2914 499 2980 scil,
517 2914 544 2968 si
560 2929 625 2966 cras
643 2921 762 2979 uratur,
780 2914 829 2984 qui
847 2911 937 2968 hodie
954 2913 1069 2968 uritttr⁷

113 3004 193 3060 Nam
211 3023 268 3074 ego
285 3003 562 3060 nec‘sacerdotihus
588 3005 760 3073 conjugium
777 3003 1046 3076 dederimpropler
1063 3020 1114 3059 so.

56 3095 106 3149 lam
123 3097 295 3162 ustionem,
323 3093 379 3150 nisi
396 3093 504 3152 Paulus
522 3090 754 3166 prohibitionem
771 3109 929 3150 erroneam
947 3098 975 3149 el
991 3096 1112 3150 daemo-

55 3187 159 3240 niacam
177 3198 206 3240 et
221 3179 438 3258 hypocriticam
455 3197 484 3240 et
500 3186 572 3239 ileo
590 3185 757 3240 damnatam
773 3193 914 3264 vocaret,
929 3193 965 3238 ut
980 3185 1027 3264 vpl
1047 3185 1111 3240 sinc

56 3271 164 3330 ustione
195 3276 388 3348 rogatistam
415 3275 589 3330 caelibatum
618 3274 658 3328 ob
682 3275 774 3329 solius
791 3273 851 3331 Dei
867 3275 1009 3331 timorem
1027 3275 1111 3329 dese.

30 3407 34 3415 .
57 3383 132 3419 rere:
156 3377 255 3421 tamen
274 3367 302 3420 in
319 3365 367 3419 his
386 3365 481 3418 adhuc
504 3364 575 3418 utile
592 3361 678 3418 tuerit
695 3363 781 3418 latius
798 3364 959 3435 disputare.
993 3365 1112 3419 Vellent

58 3455 126 3509 enim
144 3467 171 3510 et
188 3473 246 3526 ego
263 3454 418 3510 monachis
437 3463 465 3508 et
482 3453 658 3508 monialibus
676 3443 867 3522 succurrere,
895 3464 926 3508 ut
941 3453 1014 3507 nihil
1032 3454 1111 3508 aliud

57 3561 149 3618 aeque.
182 3547 272 3602 Adeo
288 3563 337 3600 me
354 3545 476 3600 miseret
493 3541 879 3609 miserabiliumbominum,
897 3543 1109 3614 pollutionibus

58 3647 83 3691 et
98 3639 265 3693 uredinibus
280 3649 457 3692 vexatorum
475 3633 501 3701 ²)
514 3635 660 3705 juvenum
678 3644 707 3688 et
724 3633 900 3706 puellarum.

88 3723 161 3784 ‘De
186 3740 312 3801 utraque
338 3727 437 3796 specio
461 3721 663 3780 Eucharistiae
688 3741 750 3778 non
774 3739 865 3793 arguo
889 3721 926 3778 ab
949 3721 1108 3798 exemplo,

57 3818 101 3872 ted
118 3818 240 3887 averbo
254 3817 374 3872 Christi.
409 3815 493 3871 Nihil
511 3817 589 3868 enim
608 3815 700 3883 arguit
717 3814 794 3881 illus,
811 3829 900 3870 unam
918 3815 1106 3886 accipientes,

100 4009 119 4058 ll
134 4008 178 4055 lint
192 4003 274 4054 muttit
288 4005 329 4057 itti
342 4001 414 4049 Auri
424 4004 439 4047 l.
454 4001 561 4057 triginta.
599 4001 620 4054 2]
636 4003 675 4046 hu
685 3995 731 4046 ril'.
745 4003 899 4047 vexatarum..

660 4107 671 4134 Ι
812 4123 814 4130 .

1103 4053 1108 4087 l
