2736 4564
243 289 283 353 to
638 342 645 358 ,
731 277 821 359 tiit.

243 445 362 502 otietur.
395 444 547 502 Duminss
564 453 662 502 servet
678 455 712 507 sl
723 447 826 521 tuge'tt
849 444 893 515 id,
914 447 1001 520 ‘quod
1019 445 1124 504 scribis
1143 448 1178 503 de
1199 447 1300 504 litera.

242 539 301 594 rius
318 540 362 594 rei
380 539 531 607 felicitate,
550 541 655 594 Anien.

253 632 359 692 De
376 645 424 685 me
442 631 527 706 plane
545 630 616 685 nolo
633 645 689 684 viis
707 629 865 704 quicquain
882 645 948 686 esse
966 629 1110 710 solicitos.
1144 630 1173 684 Si
1192 645 1299 701 perso.

241 739 311 780 natu
324 731 451 793 spectes,
463 720 562 778 omniu
575 722 649 778 bene
661 721 784 789 hibent,
800 721 855 775 nisi
873 722 951 792 quod
969 721 1056 776 enimi
1049 718 1205 780 molestie
1222 737 1300 775 non.

190 811 193 819 '
242 813 312 866 ilum
338 812 444 879 cessit,
472 821 504 872 et
533 812 614 883 prior
641 813 756 884 spiritus
780 827 813 866 ec
842 811 907 865 lidei
935 809 1084 866 iufirmitas
1108 821 1301 882 perseverat:

172 955 175 964 ,
240 897 301 965 iit
326 898 484 976 ἀναχώρησίς
506 923 555 969 μιν
578 917 702 973 prorsus
724 899 810 956 nihil:
838 917 867 956 e.
889 903 939 974 qui
967 901 996 955 in
1023 901 1176 956 tristando
1201 899 1299 955 verbo

240 1007 392 1063 nunquam
417 1007 482 1046 nisa
497 993 653 1047 voluntate
670 1001 801 1048 versatus
819 1007 906 1066 sun,
932 991 970 1044 ita
987 1007 1058 1046 eum
1076 1007 1179 1060 inagna
1197 991 1299 1046 cordis

240 1097 313 1155 pice
323 1077 464 1137 exclusus
473 1097 550 1138 suin.
587 1086 672 1154 Aque
686 1063 761 1136 haee
774 1083 809 1139 ite
821 1084 941 1150 hibent,
959 1084 1039 1156 quod
1053 1082 1088 1137 eil
1100 1097 1147 1136 ine
1157 1081 1299 1152 pertinet.

309 1172 465 1228 Caeterum
482 1189 537 1242 pro
554 1173 638 1228 verbi
656 1174 768 1244 glorie,
793 1183 822 1242 et
839 1173 963 1228 alioruin
981 1181 1009 1228 et
1025 1187 1090 1250 inse
1107 1167 1208 1226 mutuli
1227 1187 1301 1226 con·

242 1261 407 1318 finnaitone
425 1265 542 1318 mallem
561 1264 638 1320 inter
653 1264 798 1320 curbones
810 1265 896 1320 vivos
913 1264 1027 1344 ardere,
1044 1279 1134 1335 quam
1150 1264 1233 1318 solus
1250 1278 1299 1316 se.

240 1354 387 1420 inivivus,
404 1363 491 1426 atque
509 1354 618 1410 utinum
635 1373 696 1411 non
713 1365 853 1420 mortuus,
871 1371 983 1425 putere.
1016 1353 1128 1409 Verum
1147 1353 1298 1426 quiescit,

241 1453 270 1499 et
292 1462 327 1499 un
353 1463 390 1500 eo
411 1445 536 1502 consilio
561 1447 627 1516 plus
646 1447 911 1516 promoverevelit
930 1445 1087 1514 Christus,
1112 1463 1173 1502 non
1191 1443 1221 1499 in
1236 1443 1298 1498 hau

239 1541 371 1601 tuntum,
398 1536 495 1590 sedin
515 1536 653 1596 omnihus
671 1537 788 1594 causis?
822 1537 926 1593 Toties
949 1537 985 1592 de
1004 1535 1059 1591 lide
1077 1546 1107 1590 et
1123 1543 1176 1606 spe
1193 1551 1298 1606 reruni

180 1629 183 1636 '
239 1641 301 1680 non
318 1626 520 1696 apparentium¹
535 1625 623 1680 locuti
640 1639 758 1683 sumus:
787 1643 858 1696 ige,
875 1628 968 1682 semel
985 1626 1031 1680 vel
1049 1626 1078 1682 in
1095 1625 1214 1682 modico
1231 1625 1297 1696 ejus

154 1759 156 1766 ,
241 1715 391 1770 doctrinae
417 1715 577 1784 periculum
604 1716 766 1782 iaciamus,
793 1717 910 1788 quando
933 1717 961 1770 id
986 1705 1111 1770 vincente
1136 1715 1208 1770 Deo
1233 1731 1297 1774 nou

150 1809 153 1818 ’
209 1794 327 1860 ¹nobis
351 1803 528 1860 tentantibus
553 1806 591 1860 its
617 1805 766 1875 contingit.
808 1805 874 1876 Ego
897 1807 983 1864 etiem
1008 1805 1032 1860 si
1054 1819 1192 1876 pereum:
1222 1803 1297 1858 nihil

181 1919 183 1926 i
239 1893 346 1966 peribit
371 1894 544 1964 Evangelio,
562 1895 591 1952 iu
616 1911 678 1968 quo
704 1904 736 1950 tu
762 1912 841 1950 nunc
865 1913 913 1950 me
938 1909 1079 1966 superas,
1104 1903 1133 1948 et
1158 1893 1295 1948 succedis

146 1994 148 2005 ·
238 1983 392 2042 Helisaeus
410 1987 524 2042 Heliam
542 1987 632 2058 duplo
648 1987 771 2060 spiritu,
790 2003 880 2060 quem
896 1987 947 2042 tibi
965 1987 1118 2044 Dominus
1128 1983 1222 2040 lesus
1239 1983 1295 2040 im.

216 2067 344 2146 'pertint
360 2079 538 2146 clementer,
559 2079 666 2133 Amen.

305 2165 434 2221 Proinde
451 2169 536 2234 vide,
559 2183 596 2222 ne
619 2166 850 2235 continemini,
874 2167 927 2222 sei
948 2167 1095 2222 caticum
1111 2163 1237 2221 nomini
1264 2164 1295 2220 in
1352 2149 1353 2160 '

238 2267 328 2312 nocte
345 2257 515 2340 inundatum
537 2259 649 2314 canite:
673 2261 827 2314 concinam
844 2243 964 2330 et'ego:
993 2267 1106 2313 tantum
1124 2273 1178 2328 pio
1196 2255 1294 2310 verbo

239 2345 345 2400 soliciti
362 2347 464 2404 simus.
499 2346 560 2420 Qui
579 2347 708 2416 ignoret,
733 2349 864 2419 ignoret:
893 2350 942 2420 qui
961 2348 1055 2418 perit,
1080 2356 1196 2418 pereat,
1220 2347 1294 2401 <lum

142 2433 145 2440 “
238 2443 377 2490 nostium
395 2435 524 2490 officium
550 2433 605 2492 illis
630 2453 690 2494 uon
708 2438 837 2494 defuisse
854 2436 937 2510 quen
954 2437 1078 2508 possint.
1112 2435 1201 2490 Sinite
1224 2433 1298 2505 utp-

145 2511 154 2578 ἶ
239 2527 335 2582 sensis
351 2527 489 2598 gloriari,
515 2529 583 2602 qiiiii
607 2527 683 2586 hice
700 2529 834 2590 estheri
852 2545 973 2588 eorum:
995 2521 1057 2584 'iios
1075 2527 1157 2584 exite
1175 2523 1297 2598 op'ortet

238 2719 269 2764 et
286 2721 389 2765 mutuo
406 2709 442 2764 ed
459 2719 575 2782 teinpus
592 2712 722 2782 separari
737 2711 766 2768 in
783 2719 911 2777 terrim,
929 2727 1016 2784 quiin
1035 2711 1223 2780 ignoremus:
1251 2709 1296 2764 in.

238 2802 324 2854 terim
343 2801 381 2854 illi
399 2817 486 2856 suuni
504 2800 547 2856 N.
565 2801 606 2856 N.
624 2801 747 2858 adorent
764 2811 792 2858 et
803 2802 923 2872 jactent.
956 2801 1074 2857 Jacobo
1092 2794 1297 2860 Flemmieheu

237 2891 308 2944 setis
326 2899 373 2946 est
396 2901 425 2944 te
443 2892 563 2960 videre,
585 2901 614 2946 et
637 2889 725 2957 visi)
750 2907 788 2948 ne
811 2891 902 2948 nimio
925 2891 995 2948 lelix
1012 2893 1069 2959 sit,
1097 2891 1195 2948 omniu
1218 2908 1295 2965 quie

239 2981 331 3048 uellet
346 2974 496 3039 videns.
1191 3022 1202 3036 -

305 3071 379 3128 Non
396 3071 521 3143 deposui
544 3085 629 3144 spem
646 3071 682 3127 at
700 3087 754 3128 vus
771 3071 932 3140 redeundi,
958 3072 1003 3128 siu
1018 3079 1134 3140 iumen,
1158 3081 1193 3126 ut
1209 3069 1296 3127 tactas

237 3161 342 3228 Deus,
367 3163 448 3235 quod
465 3161 577 3219 bonum
594 3170 640 3218 est
665 3163 695 3219 in
713 3163 807 3218 oculis
824 3164 894 3218 suis.
928 3161 958 3218 Si
973 3163 1055 3235 Pipa
1073 3179 1178 3219 omnes
1194 3179 1295 3234 eggre-

238 3255 346 3323 dietur,
365 3254 415 3326 qui
431 3269 548 3310 meeum
565 3253 711 3320 sentiunt,
729 3255 792 3309 sine
809 3255 936 3309 tumultu
961 3271 1021 3310 non
1045 3253 1101 3310 erit
1118 3253 1294 3312 Germanis:

145 2618 168 2645 '¹
239 2618 276 2673 ile
293 2625 372 2674 terri
389 2628 512 2686 nostri,
529 2619 564 2679 ils
583 2621 758 2690 cognitione
774 2629 895 2688 nostre,
913 2619 1058 2676 deilom'o
1075 2618 1164 2690 petris
1181 2617 1297 2692 nostri,
1350 2683 1351 2706 χ

239 3354 345 3416 eiquo
372 3345 455 3400 citius
481 3343 510 3412 nl
527 3342 699 3410 tentaverit,
722 3344 782 3398 hoc
798 3345 881 3400 citius
907 3345 1016 3416 etipse
1034 3357 1062 3402 et
1078 3345 1123 3402 sui
1140 3345 1295 3416 peribunt,
1348 3371 1349 3396 l

238 3445 269 3490 et
285 3453 340 3506 ego
357 3444 500 3494 revestiti.
532 3435 623 3492 Deus
647 3437 769 3492 suscitet
785 3435 902 3508 spiritus
926 3439 1089 3492 inultorum
1112 3445 1200 3508 tique
1219 3435 1294 3492 adso

239 3535 270 3580 et
287 3526 365 3596 vulgi
383 3527 490 3595 eorda,
514 3535 544 3580 ut
561 3509 633 3581 milii
650 3523 809 3582 verisimile
827 3528 956 3592 nonsit,
974 3541 1062 3598 posse
1079 3542 1145 3582 rem
1162 3525 1248 3582 istim
1265 3525 1295 3580 vi

238 3611 407 3686 compesci:
424 3627 470 3672 aut
488 3621 511 3672 si
529 3631 680 3688 compesci
691 3617 833 3688 coeperit
851 3617 978 3690 decuplo
992 3633 1087 3690 major
1098 3617 1163 3676 erit.
1197 3615 1295 3706 liubit
1347 3647 1348 3676 l

240 3703 398 3761 Geiiuinia
413 3707 522 3762 multo's
537 3706 748 3766 tteriitiansen

289 3968 310 4016 t)
325 3965 398 4016 tilttt.
410 3965 475 4014 ilde.
501 3965 582 4018 wilti
596 3967 714 4028 interiisti
728 3966 833 4022 leitils
847 3967 908 4022 tilitit
921 3964 1099 4024 tituttiidtellt
1112 3967 1179 4022 istu.
