2676 4574
541 303 632 374 1522.
911 409 914 418 ¹
1049 303 1113 426 259
1213 339 1219 348 ·

43 553 274 624 respondeam,
291 558 363 610 volo
380 557 471 612 verba
489 566 518 612 et
535 559 653 628 tempui
672 555 806 626 perdere

122 645 173 698 Ad
197 661 291 700 unum
317 655 402 702 tuum
428 647 606 714 articulum,
632 649 748 703 scilicet
765 646 837 702 nihil
854 661 921 702 eece
947 647 1115 702 addendum
1140 686 1143 698 ,

43 733 158 790 verbio
175 735 258 804 Dei,
283 735 351 791 ideo
368 737 492 793 musam
508 755 568 794 non
587 754 655 796 ease
679 737 860 793 sacrificium
876 737 1031 792 dicendam
1049 737 1116 792 aba.

42 841 113 894 que
133 825 229 880 verbo
246 825 325 894 Dei,
349 825 390 880 illi
412 835 473 882 tres
498 831 671 900 opponunt,
695 827 747 898 qui
764 839 862 882 tamen
878 843 939 882 non
965 827 1022 882 niei
1039 843 1130 886 unus¹
1169 877 1171 887 ,

46 919 145 978 euni,
163 915 501 972 scilicetEcclesiam
479 918 666 986 aromatite,
684 933 757 988 ergo
770 899 1021 974 siccentiendum.
1055 915 1118 974 Ta.

45 1019 125 1060 men
145 1000 298 1062 videamus
315 1023 371 1078 per
387 1008 534 1064 ordinem.

121 1090 228 1150 Primo
245 1097 363 1168 quando
381 1097 502 1166 dicunt,
525 1105 556 1152 te
572 1096 682 1170 aliquid
700 1096 807 1155 addere
823 1095 923 1152 verbio
941 1095 1021 1164 Dei,
1045 1095 1117 1152 dum

46 1183 156 1252 dicis,
171 1183 295 1241 missam
311 1203 374 1242 ιιοιι
392 1201 460 1242 esse
478 1186 678 1255 sacrificium,
704 1203 775 1241 cum
790 1187 944 1258 Scriptura
960 1203 1021 1242 non
1037 1185 1118 1240 dicat

50 1292 119 1330 non
144 1291 215 1330 ease
236 1271 445 1345 sacrificinm,'
459 1293 520 1333 non
542 1277 643 1334 vident
666 1277 832 1333 stultissimi
852 1276 1011 1342 homines,
1035 1271 1118 1348 quod

52 1363 184 1434 exigunt
199 1366 365 1435 negativam
381 1367 524 1438 probari.
540 1383 611 1424 cum
623 1368 711 1424 etiam
723 1369 752 1422 in
767 1367 859 1424 mbue
875 1366 977 1421 rnundi
989 1365 1117 1436 jmiatae

51 1453 175 1510 dicant:
191 1455 323 1526 negativa
339 1474 401 1512 non
417 1457 569 1530 probatur.
604 1459 717 1514 Sufficit
735 1473 807 1528 ergo
820 1457 983 1514 christiano
995 1457 1032 1512 ad
1045 1471 1121 1512 con.

55 1545 218 1600 rutundum
234 1561 369 1602 errorem
380 1547 544 1618 quemlibet
555 1549 670 1604 dicere:
688 1547 840 1619 Scriptura
852 1547 1025 1602 nonhabet.
1055 1545 1118 1621 Qui

54 1649 139 1690 vero
154 1633 354 1692 affirmativam
370 1637 477 1708 hebet,
495 1625 612 1694 teneiur
628 1639 772 1711 probare:
791 1634 977 1710 quiessent,
996 1639 1120 1693 demons
1213 1687 1215 1694 ,

56 1731 163 1793 ιιιει,’
177 1737 227 1782 aut
248 1727 311 1799 ipsa
329 1729 489 1798 negatione
503 1731 653 1786 contraria
670 1730 765 1785 victus
783 1739 840 1784 eat.
874 1729 926 1784 Tu
948 1739 1048 1782 autem
1069 1745 1121 1784 ne.

54 1831 129 1884 gas,
156 1824 186 1870 et
200 1813 241 1872 illi
259 1817 417 1885 adinum,
444 1819 568 1874 missam
592 1835 661 1875 ease
685 1817 885 1883 sacrificium,
908 1818 976 1873 ideo
991 1833 1054 1872 non
1070 1827 1123 1884 tu,
1211 1801 1238 1816 ”

55 1905 114 1960 sed
134 1907 177 1962 illi
193 1907 301 1962 debent
317 1908 443 1978 probare
460 1909 623 1980 Scripturie
641 1923 726 1964 suam
743 1908 930 1964 sententiam.
959 1907 1081 1977 Alioqui
1094 1907 1121 1964 si

55 1994 124 2051 hoc
142 2009 409 2066 annumeretur,
426 1999 513 2066 vide,
531 1997 607 2070 quae
624 2007 759 2054 monstra
773 1995 989 2068 sequerentur,
1007 1998 1124 2054 scilicet

56 2085 248 2142 Hieroboam
264 2088 414 2158 potuisset
431 2087 530 2142 dicere
548 2087 658 2143 sanctis
674 2085 838 2158 Prophetis
854 2087 1029 2157 negantibus
1048 2103 1122 2144 auos

55 2175 192 2234 vitulos:
215 2192 272 2232 voe
289 2175 495 2252 nonpoteetis
514 2179 691 2246 ostendere,
709 2177 820 2234 vituios
838 2178 912 2234 istos
929 2195 991 2233 non
1008 2193 1074 2234 ease
1093 2179 1124 2232 in

57 2265 249 2338 Scripturie,
271 2283 345 2338 ergo
362 2285 424 2324 nun
441 2276 511 2324 sunt
528 2267 693 2322 damnandi.
728 2267 776 2320 Sic
793 2267 920 2334 Achab,
937 2269 982 2346 ric
1003 2268 1123 2338 Achae,

55 2369 91 2413 et
110 2375 218 2414 omnes
238 2359 406 2431 potuissent
422 2359 538 2427 dicere,
556 2375 625 2414 cum
639 2359 846 2426 inimieorum,
864 2376 939 2430 quae
958 2361 1123 2430 faciebant,

58 2459 148 2504 esset
165 2450 347 2504 nominatum
365 2450 393 2504 in
406 2449 581 2520 scripturis,
601 2464 627 2502 et
648 2465 701 2520 per
713 2449 775 2503 hoc
788 2450 887 2506 souun
900 2449 1124 2517 damnabantur,

57 2541 146 2612 quod
164 2557 224 2594 non
242 2549 344 2596 essent
362 2540 390 2594 in
403 2539 576 2610 Scripturin
611 2539 660 2594 Sic
678 2540 759 2594 stulti
777 2539 823 2593 isti
837 2540 944 2594 fratres
960 2541 1125 2608 gloriantur

57 2647 125 2686 non
140 2646 208 2686 esee
227 2623 445 2700 in'Scripluris3
463 2629 586 2684 missam
596 2645 658 2684 non
672 2645 740 2684 esee
753 2629 947 2694 sacrificium,
965 2645 1035 2682 cum
1047 2627 1125 2684 haec

58 2721 184 2794 propria
204 2703 358 2776 confeesio
377 2719 414 2774 sit
432 2735 538 2774 eorum
554 2718 691 2774 confusio
710 2715 739 2772 et
756 2719 924 2788 convictio,
942 2721 1025 2790 quod
1042 2735 1125 2776 asae.

59 2825 136 2868 runt
153 2812 227 2892 lale,
247 2811 328 2882 quod
343 2827 401 2864 nec
419 2809 589 2864 affirmative
606 2825 664 2864 nec
680 2809 816 2878 negative
834 2809 864 2864 in
881 2809 1041 2882 Scripturie
1060 2821 1124 2880 est,

59 2903 150 2956 etita
167 2917 239 2956 vere
265 2901 374 2954 addunt
391 2899 493 2954 verbis
510 2897 581 2953 Dei.
618 2898 679 2972 Qui
705 2913 779 2952 vero
804 2908 907 2970 negat,
931 2899 1005 2955 nihil
1030 2902 1125 2969 addit,

60 2993 119 3048 sed
138 3001 295 3060 negantem
313 2989 494 3062 Scripturam
512 2987 628 3044 adducit
645 2997 768 3043 tantum.
803 2985 871 3044 Hoc
895 2991 964 3045 eolo
983 2991 1127 3061 probatur

60 3083 181 3137 abunde
209 3080 360 3152 negativa,
390 3079 457 3152 quia
483 3079 635 3150 Scriptura
661 3077 749 3149 negat
776 3079 895 3136 dicens:
923 3077 998 3136 nni!
1025 3083 1126 3138 addus.

61 3174 164 3240 item,
191 3172 215 3226 ei
243 3171 376 3240 negativa
399 3168 516 3252 probari
542 3164 664 3222 deberet
688 3169 723 3222 ad
745 3169 927 3224 deremitun
935 3171 1025 3234 vll„
1056 3188 1127 3228 cum

61 3263 221 3350 Dominus
238 3278 293 3333 per
309 3277 377 3315 eum
395 3258 484 3328 dixit:
514 3257 592 3314 Non
606 3259 775 3332 praecepi,
796 3275 863 3316 non
881 3259 1034 3333 copitavi,
1059 3279 1126 3318 non

62 3353 217 3410 ascendit
238 3367 432 3423 uipereor,
459 3349 510 3404 ubi
533 3349 632 3404 nolum
655 3349 789 3418 negando
815 3351 963 3404 damnavit
986 3361 1016 3406 et
1038 3351 1129 3422 dicit,

62 3446 200 3500 additum
225 3459 293 3498 esee
315 3443 390 3496 ultra
413 3457 465 3494 sua
488 3449 661 3510 praecepta:
688 3439 859 3510 potuissent
879 3441 987 3502 Judaei
1011 3441 1129 3500 dicerer

62 3537 121 3591 sed
141 3551 203 3590 non
218 3528 358 3605 probae,
372 3519 456 3603 quod
473 3545 532 3585 non
550 3530 588 3584 sit
604 3541 815 3601 pracceptum,
841 3531 911 3602 quia
928 3531 1003 3586 nihil
1021 3533 1058 3588 de
1074 3551 1130 3590 no.

65 3639 135 3685 stro
154 3629 234 3682 fracto
252 3625 373 3680 dicitur.
409 3622 510 3698 Quare
533 3637 595 3676 non
618 3631 665 3678 est
689 3621 903 3688 damnandum,
927 3639 997 3679 curn
1021 3626 1130 3698 impios

67 3721 139 3776 ideo
156 3717 293 3782 damnet,
318 3714 399 3788 quod
422 3712 496 3766 nihil
519 3711 555 3766 de
579 3725 684 3766 eorum
702 3713 782 3766 facto
799 3711 917 3784 probari
935 3727 1048 3786 posset.
1084 3717 1131 3773 Ita
1224 3763 1226 3770 .

67 3820 99 3864 et
116 3808 147 3864 in
167 3809 241 3862 istos
259 3805 365 3862 stultos
378 3803 441 3858 auia
455 3801 553 3856 verbis
566 3817 688 3868 arguas,
707 3801 788 3872 quod
801 3801 868 3856 ideo
881 3802 1036 3863 damnandi
1049 3819 1129 3876 aunt,

67 3900 154 3972 quod
182 3914 237 3953 aua
260 3911 317 3953 nec
347 3893 500 3964 negative,
527 3907 565 3946 ue
595 3889 764 3946 affirmative
794 3891 823 3946 in
850 3892 946 3949 Sacris
975 3893 1130 3952 habentur.

69 3991 165 4054 aucun
181 3987 267 4050 urle
283 3985 355 4052 litlu
374 3981 437 4052 nou
454 3981 494 4052 ur
511 3984 544 4041 ιι
561 3975 610 4046 ιιι
631 3978 656 4048 lv
674 3977 704 4047 il
719 3980 870 4054 uidttlri
888 3981 915 4053 ir
928 3981 958 4052 ill
969 3987 1032 4058 rud
1043 3987 1131 4056 uidtt
