<?xml version="1.0" encoding="UTF-8"?>
<!DOCTYPE html PUBLIC "-//W3C//DTD XHTML 1.0 Transitional//EN"
    "http://www.w3.org/TR/xhtml1/DTD/xhtml1-transitional.dtd">
<html xmlns="http://www.w3.org/1999/xhtml" xml:lang="en" lang="en">
 <head>
  <title>
</title>
<meta http-equiv="Content-Type" content="text/html;charset=utf-8" />
  <meta name='ocr-system' content='tesseract 3.04.00' />
  <meta name='ocr-capabilities' content='ocr_page ocr_carea ocr_par ocr_line ocrx_word'/>
</head>
<body>
  <div class='ocr_page' id='page_1' title='image "./briefesendschre09luthgoog/briefesendschre09luthgoog_0323.png"; bbox 0 0 2676 4574; ppageno 0'>
   <div class='ocr_carea' id='block_1_1' title="bbox 225 281 1291 1324">
    <p class='ocr_par' dir='ltr' id='par_1_1' title="bbox 231 281 805 352">
     <span class='ocr_line' id='line_1_1' title="bbox 231 281 805 352; baseline -0.003 0"><span class='ocrx_word' id='word_1_1' title='bbox 231 287 293 352; x_wconf 80' lang='lat'>288</span> <span class='ocrx_word' id='word_1_2' title='bbox 715 281 805 352; x_wconf 73' lang='lat'><strong>152³.</strong></span> 
     </span>
    </p>

    <p class='ocr_par' dir='ltr' id='par_1_2' title="bbox 225 423 1291 1324">
     <span class='ocr_line' id='line_1_2' title="bbox 297 429 1286 514; baseline 0 -16"><span class='ocrx_word' id='word_1_3' title='bbox 297 440 354 498; x_wconf 81' lang='lat' dir='ltr'>Sed</span> <span class='ocrx_word' id='word_1_4' title='bbox 369 441 453 498; x_wconf 81' lang='lat' dir='ltr'>ulad</span> <span class='ocrx_word' id='word_1_5' title='bbox 469 453 533 498; x_wconf 86' lang='lat' dir='ltr'>rem</span> <span class='ocrx_word' id='word_1_6' title='bbox 554 441 690 512; x_wconf 81' lang='lat' dir='ltr'>veniam,</span> <span class='ocrx_word' id='word_1_7' title='bbox 716 429 817 514; x_wconf 85' lang='lat' dir='ltr'>rogavi</span> <span class='ocrx_word' id='word_1_8' title='bbox 833 439 878 512; x_wconf 81' lang='lat' dir='ltr'>le,</span> <span class='ocrx_word' id='word_1_9' title='bbox 903 448 936 498; x_wconf 85' lang='lat' dir='ltr'>ul</span> <span class='ocrx_word' id='word_1_10' title='bbox 958 447 1068 498; x_wconf 76' lang='lat' dir='ltr'>munus</span> <span class='ocrx_word' id='word_1_11' title='bbox 1084 436 1286 514; x_wconf 73' lang='lat' dir='ltr'>respondendi</span> 
     </span>
     <span class='ocr_line' id='line_1_3' title="bbox 232 525 1286 606; baseline -0.005 -17"><span class='ocrx_word' id='word_1_12' title='bbox 232 531 349 601; x_wconf 90' lang='lat' dir='ltr'>obires,</span> <span class='ocrx_word' id='word_1_13' title='bbox 366 550 427 588; x_wconf 89' lang='lat' dir='ltr'>non</span> <span class='ocrx_word' id='word_1_14' title='bbox 445 532 524 604; x_wconf 90' lang='lat' dir='ltr'>quod</span> <span class='ocrx_word' id='word_1_15' title='bbox 542 532 660 602; x_wconf 86' lang='lat' dir='ltr'>dignum</span> <span class='ocrx_word' id='word_1_16' title='bbox 677 528 819 586; x_wconf 84' lang='lat' dir='ltr'>ducerem</span> <span class='ocrx_word' id='word_1_17' title='bbox 836 540 866 588; x_wconf 84' lang='lat' dir='ltr'>te</span> <span class='ocrx_word' id='word_1_18' title='bbox 876 568 886 599; x_wconf 86' lang='lat'>,</span> <span class='ocrx_word' id='word_1_19' title='bbox 910 531 962 606; x_wconf 89' lang='lat' dir='ltr'>qui</span> <span class='ocrx_word' id='word_1_20' title='bbox 979 533 1060 588; x_wconf 89' lang='lat' dir='ltr'>dono</span> <span class='ocrx_word' id='word_1_21' title='bbox 1077 525 1142 588; x_wconf 84' lang='lat' dir='ltr'>Dei</span> <span class='ocrx_word' id='word_1_22' title='bbox 1161 531 1286 586; x_wconf 83' lang='lat' dir='ltr'>meliori-</span> 
     </span>
     <span class='ocr_line' id='line_1_4' title="bbox 231 618 1284 695; baseline -0.004 -17"><span class='ocrx_word' id='word_1_23' title='bbox 231 621 289 680; x_wconf 86' lang='lat' dir='ltr'>bus</span> <span class='ocrx_word' id='word_1_24' title='bbox 306 623 395 680; x_wconf 83' lang='lat' dir='ltr'>rebus</span> <span class='ocrx_word' id='word_1_25' title='bbox 408 621 520 678; x_wconf 85' lang='lat' dir='ltr'>servlre</span> <span class='ocrx_word' id='word_1_26' title='bbox 532 632 638 694; x_wconf 83' lang='lat' dir='ltr'>potes,</span> <span class='ocrx_word' id='word_1_27' title='bbox 656 621 726 677; x_wconf 82' lang='lat' dir='ltr'>cuin</span> <span class='ocrx_word' id='word_1_28' title='bbox 736 618 785 678; x_wconf 90' lang='lat' dir='ltr'>his</span> <span class='ocrx_word' id='word_1_29' title='bbox 801 621 890 676; x_wconf 83' lang='lat' dir='ltr'>larvis</span> <span class='ocrx_word' id='word_1_30' title='bbox 904 639 1052 695; x_wconf 80' lang='lat' dir='ltr'>pugnare,</span> <span class='ocrx_word' id='word_1_31' title='bbox 1069 622 1128 678; x_wconf 85' lang='lat' dir='ltr'>sed</span> <span class='ocrx_word' id='word_1_32' title='bbox 1140 621 1226 693; x_wconf 86' lang='lat' dir='ltr'>qood</span> <span class='ocrx_word' id='word_1_33' title='bbox 1237 638 1284 690; x_wconf 81' lang='lat' dir='ltr'>ego</span> 
     </span>
     <span class='ocr_line' id='line_1_5' title="bbox 229 709 1285 784; baseline -0.006 -16"><span class='ocrx_word' id='word_1_34' title='bbox 229 713 407 784; x_wconf 80' lang='lat' dir='ltr'><strong>occupatior</strong></span> <span class='ocrx_word' id='word_1_35' title='bbox 423 711 497 780; x_wconf 84' lang='lat' dir='ltr'>sim,</span> <span class='ocrx_word' id='word_1_36' title='bbox 524 725 612 783; x_wconf 84' lang='lat' dir='ltr'>quam</span> <span class='ocrx_word' id='word_1_37' title='bbox 629 721 661 766; x_wconf 90' lang='lat' dir='ltr'>ut</span> <span class='ocrx_word' id='word_1_38' title='bbox 683 711 747 784; x_wconf 88' lang='lat' dir='ltr'>ipse</span> <span class='ocrx_word' id='word_1_39' title='bbox 765 713 972 784; x_wconf 84' lang='lat' dir='ltr'>respondeam.</span> <span class='ocrx_word' id='word_1_40' title='bbox 1008 710 1090 767; x_wconf 83' lang='lat' dir='ltr'>Nam</span> <span class='ocrx_word' id='word_1_41' title='bbox 1118 711 1179 764; x_wconf 85' lang='lat' dir='ltr'>etsi</span> <span class='ocrx_word' id='word_1_42' title='bbox 1197 709 1285 764; x_wconf 81' lang='lat' dir='ltr'>homi.</span> 
     </span>
     <span class='ocr_line' id='line_1_6' title="bbox 231 793 1286 876; baseline -0.007 -18"><span class='ocrx_word' id='word_1_43' title='bbox 231 808 302 858; x_wconf 83' lang='lat' dir='ltr'>hem</span> <span class='ocrx_word' id='word_1_44' title='bbox 319 801 473 857; x_wconf 86' lang='lat' dir='ltr'>indoctum</span> <span class='ocrx_word' id='word_1_45' title='bbox 490 799 520 855; x_wconf 91' lang='lat' dir='ltr'>in</span> <span class='ocrx_word' id='word_1_46' title='bbox 536 818 568 855; x_wconf 87' lang='lat' dir='ltr'>re</span> <span class='ocrx_word' id='word_1_47' title='bbox 586 816 671 856; x_wconf 79' lang='lat' dir='ltr'>sacra</span> <span class='ocrx_word' id='word_1_48' title='bbox 687 809 912 858; x_wconf 85' lang='lat' dir='ltr'>contemnerem</span> <span class='ocrx_word' id='word_1_49' title='bbox 926 811 1015 876; x_wconf 86' lang='lat' dir='ltr'>atquc</span> <span class='ocrx_word' id='word_1_50' title='bbox 1027 793 1222 871; x_wconf 82' lang='lat' dir='ltr'>cogitarem.</span> <span class='ocrx_word' id='word_1_51' title='bbox 1238 815 1286 852; x_wconf 84' lang='lat' dir='ltr'>ure</span> 
     </span>
     <span class='ocr_line' id='line_1_7' title="bbox 231 886 1289 970; baseline -0.007 -22"><span class='ocrx_word' id='word_1_52' title='bbox 231 891 430 970; x_wconf 60' lang='lat' dir='ltr'>{responsione</span> <span class='ocrx_word' id='word_1_53' title='bbox 447 903 513 946; x_wconf 84' lang='lat' dir='ltr'>mea</span> <span class='ocrx_word' id='word_1_54' title='bbox 531 889 635 946; x_wconf 79' lang='lat' dir='ltr'>millies</span> <span class='ocrx_word' id='word_1_55' title='bbox 653 889 754 946; x_wconf 85' lang='lat' dir='ltr'>iterata</span> <span class='ocrx_word' id='word_1_56' title='bbox 772 890 880 946; x_wconf 86' lang='lat' dir='ltr'>llrrnari</span> <span class='ocrx_word' id='word_1_57' title='bbox 898 907 952 948; x_wconf 88' lang='lat' dir='ltr'>eos</span> <span class='ocrx_word' id='word_1_58' title='bbox 969 907 1079 964; x_wconf 87' lang='lat' dir='ltr'>posse,</span> <span class='ocrx_word' id='word_1_59' title='bbox 1097 886 1152 964; x_wconf 92' lang='lat' dir='ltr'>qui</span> <span class='ocrx_word' id='word_1_60' title='bbox 1170 897 1235 943; x_wconf 83' lang='lat' dir='ltr'>tem</span> <span class='ocrx_word' id='word_1_61' title='bbox 1247 905 1289 942; x_wconf 83' lang='lat' dir='ltr'>ra.</span> 
     </span>
     <span class='ocr_line' id='line_1_8' title="bbox 230 977 1287 1054; baseline -0.005 -18"><span class='ocrx_word' id='word_1_62' title='bbox 230 981 279 1046; x_wconf 85' lang='lat' dir='ltr'>nis</span> <span class='ocrx_word' id='word_1_63' title='bbox 296 981 416 1054; x_wconf 84' lang='lat' dir='ltr'>scriptis</span> <span class='ocrx_word' id='word_1_64' title='bbox 433 992 595 1036; x_wconf 87' lang='lat' dir='ltr'>moventur</span> <span class='ocrx_word' id='word_1_65' title='bbox 611 981 646 1036; x_wconf 87' lang='lat' dir='ltr'>ad</span> <span class='ocrx_word' id='word_1_66' title='bbox 664 981 900 1052; x_wconf 76' lang='lat' dir='ltr'>dissentiendum</span> <span class='ocrx_word' id='word_1_67' title='bbox 920 980 1021 1036; x_wconf 88' lang='lat' dir='ltr'>libello</span> <span class='ocrx_word' id='word_1_68' title='bbox 1044 997 1119 1036; x_wconf 86' lang='lat' dir='ltr'>meo</span> <span class='ocrx_word' id='word_1_69' title='bbox 1140 981 1182 1034; x_wconf 91' lang='lat' dir='ltr'>de</span> <span class='ocrx_word' id='word_1_70' title='bbox 1200 977 1287 1045; x_wconf 77' lang='lat' dir='ltr'>vods,</span> 
     </span>
     <span class='ocr_line' id='line_1_9' title="bbox 232 1069 1291 1146; baseline -0.008 -18"><span class='ocrx_word' id='word_1_71' title='bbox 232 1073 366 1128; x_wconf 87' lang='lat' dir='ltr'>omnium</span> <span class='ocrx_word' id='word_1_72' title='bbox 379 1089 457 1146; x_wconf 81' lang='lat' dir='ltr'>quos</span> <span class='ocrx_word' id='word_1_73' title='bbox 470 1071 579 1143; x_wconf 82' lang='lat' dir='ltr'>scripsi</span> <span class='ocrx_word' id='word_1_74' title='bbox 597 1071 684 1126; x_wconf 86' lang='lat' dir='ltr'>etiam</span> <span class='ocrx_word' id='word_1_75' title='bbox 700 1081 839 1126; x_wconf 77' lang='lat' dir='ltr'>metente</span> <span class='ocrx_word' id='word_1_76' title='bbox 855 1071 1075 1137; x_wconf 79' lang='lat' dir='ltr'>munitissimo,</span> <span class='ocrx_word' id='word_1_77' title='bbox 1092 1079 1126 1124; x_wconf 89' lang='lat' dir='ltr'>et</span> <span class='ocrx_word' id='word_1_78' title='bbox 1141 1069 1232 1141; x_wconf 85' lang='lat' dir='ltr'>qood</span> <span class='ocrx_word' id='word_1_79' title='bbox 1247 1085 1291 1120; x_wconf 85' lang='lat' dir='ltr'>au.</span> 
     </span>
     <span class='ocr_line' id='line_1_10' title="bbox 229 1157 1290 1232; baseline -0.006 -14"><span class='ocrx_word' id='word_1_80' title='bbox 229 1163 289 1218; x_wconf 89' lang='lat' dir='ltr'>sim</span> <span class='ocrx_word' id='word_1_81' title='bbox 305 1159 441 1232; x_wconf 87' lang='lat' dir='ltr'>gloriari,</span> <span class='ocrx_word' id='word_1_82' title='bbox 464 1161 591 1216; x_wconf 87' lang='lat' dir='ltr'>invicto:</span> <span class='ocrx_word' id='word_1_83' title='bbox 615 1170 715 1215; x_wconf 88' lang='lat' dir='ltr'>tamen</span> <span class='ocrx_word' id='word_1_84' title='bbox 733 1161 835 1216; x_wconf 80' lang='lat' dir='ltr'>amicis</span> <span class='ocrx_word' id='word_1_85' title='bbox 852 1159 1031 1232; x_wconf 79' lang='lat' dir='ltr'>quibusdum</span> <span class='ocrx_word' id='word_1_86' title='bbox 1046 1161 1092 1216; x_wconf 81' lang='lat' dir='ltr'>sic</span> <span class='ocrx_word' id='word_1_87' title='bbox 1110 1157 1290 1214; x_wconf 76' lang='lat' dir='ltr'>instantibus</span> 
     </span>
     <span class='ocr_line' id='line_1_11' title="bbox 225 1250 1221 1324; baseline -0.002 -16"><span class='ocrx_word' id='word_1_88' title='bbox 225 1263 262 1308; x_wconf 80' lang='lat' dir='ltr'>et</span> <span class='ocrx_word' id='word_1_89' title='bbox 278 1251 453 1322; x_wconf 86' lang='lat' dir='ltr'>urgentibus</span> <span class='ocrx_word' id='word_1_90' title='bbox 472 1251 571 1318; x_wconf 88' lang='lat' dir='ltr'>cessi,</span> <span class='ocrx_word' id='word_1_91' title='bbox 587 1260 620 1307; x_wconf 86' lang='lat' dir='ltr'>ut</span> <span class='ocrx_word' id='word_1_92' title='bbox 636 1251 878 1324; x_wconf 81' lang='lat' dir='ltr'>respondendum</span> <span class='ocrx_word' id='word_1_93' title='bbox 893 1250 935 1307; x_wconf 71' lang='lat' dir='ltr'>‘illl</span> <span class='ocrx_word' id='word_1_94' title='bbox 953 1265 1020 1308; x_wconf 85' lang='lat' dir='ltr'>esse</span> <span class='ocrx_word' id='word_1_95' title='bbox 1038 1265 1221 1306; x_wconf 80' lang='lat' dir='ltr'>censerem.</span> 
     </span>
    </p>
   </div>
   <div class='ocr_carea' id='block_1_2' title="bbox 232 1362 1290 1528">
    <p class='ocr_par' dir='ltr' id='par_1_3' title="bbox 232 1362 1290 1528">
     <span class='ocr_line' id='line_1_12' title="bbox 297 1362 1289 1436; baseline -0.004 -16"><span class='ocrx_word' id='word_1_96' title='bbox 297 1364 349 1420; x_wconf 88' lang='lat' dir='ltr'>Tu</span> <span class='ocrx_word' id='word_1_97' title='bbox 366 1381 438 1434; x_wconf 88' lang='lat' dir='ltr'>ergo</span> <span class='ocrx_word' id='word_1_98' title='bbox 455 1379 599 1436; x_wconf 75' lang='lat' dir='ltr'>prospere</span> <span class='ocrx_word' id='word_1_99' title='bbox 616 1363 748 1436; x_wconf 84' lang='lat' dir='ltr'><strong>procede</strong></span> <span class='ocrx_word' id='word_1_100' title='bbox 766 1365 796 1420; x_wconf 89' lang='lat' dir='ltr'>in</span> <span class='ocrx_word' id='word_1_101' title='bbox 813 1363 937 1423; x_wconf 84' lang='lat' dir='ltr'>Christo</span> <span class='ocrx_word' id='word_1_102' title='bbox 946 1401 958 1432; x_wconf 92' lang='lat'>,</span> <span class='ocrx_word' id='word_1_103' title='bbox 973 1373 1006 1420; x_wconf 87' lang='lat' dir='ltr'>ut</span> <span class='ocrx_word' id='word_1_104' title='bbox 1021 1364 1074 1436; x_wconf 81' lang='lat' dir='ltr'>qui</span> <span class='ocrx_word' id='word_1_105' title='bbox 1084 1362 1289 1420; x_wconf 82' lang='lat' dir='ltr'>minoritionn</span> 
     </span>
     <span class='ocr_line' id='line_1_13' title="bbox 232 1451 1290 1528; baseline -0.003 -16"><span class='ocrx_word' id='word_1_106' title='bbox 232 1463 347 1512; x_wconf 83' lang='lat' dir='ltr'>sectam</span> <span class='ocrx_word' id='word_1_107' title='bbox 365 1455 480 1526; x_wconf 78' lang='lat' dir='ltr'>egregie</span> <span class='ocrx_word' id='word_1_108' title='bbox 498 1455 627 1524; x_wconf 84' lang='lat' dir='ltr'>callens,</span> <span class='ocrx_word' id='word_1_109' title='bbox 644 1455 740 1528; x_wconf 86' lang='lat' dir='ltr'>probe</span> <span class='ocrx_word' id='word_1_110' title='bbox 758 1455 921 1526; x_wconf 80' lang='lat' dir='ltr'>intelligas,</span> <span class='ocrx_word' id='word_1_111' title='bbox 938 1465 1013 1527; x_wconf 90' lang='lat' dir='ltr'>quot</span> <span class='ocrx_word' id='word_1_112' title='bbox 1029 1454 1110 1510; x_wconf 86' lang='lat' dir='ltr'>locis</span> <span class='ocrx_word' id='word_1_113' title='bbox 1127 1451 1290 1510; x_wconf 65' lang='lat' dir='ltr'>noran</span> 
     </span>
    </p>
   </div>
   <div class='ocr_carea' id='block_1_3' title="bbox 57 1543 1290 1618">
    <p class='ocr_par' dir='ltr' id='par_1_4' title="bbox 57 1543 1290 1618">
     <span class='ocr_line' id='line_1_14' title="bbox 57 1543 1290 1618; baseline -0.002 -15"><span class='ocrx_word' id='word_1_114' title='bbox 57 1555 60 1562; x_wconf 88' lang='lat'>&#39;</span> <span class='ocrx_word' id='word_1_115' title='bbox 157 1611 161 1618; x_wconf 26' lang='lat'><em>¹</em></span> <span class='ocrx_word' id='word_1_116' title='bbox 232 1561 307 1602; x_wconf 83' lang='lat' dir='ltr'>vora</span> <span class='ocrx_word' id='word_1_117' title='bbox 325 1546 374 1602; x_wconf 89' lang='lat' dir='ltr'>ille</span> <span class='ocrx_word' id='word_1_118' title='bbox 391 1547 545 1618; x_wconf 85' lang='lat' dir='ltr'>Indagator</span> <span class='ocrx_word' id='word_1_119' title='bbox 562 1555 592 1602; x_wconf 84' lang='lat' dir='ltr'>et</span> <span class='ocrx_word' id='word_1_120' title='bbox 608 1547 740 1602; x_wconf 88' lang='lat' dir='ltr'>Conator</span> <span class='ocrx_word' id='word_1_121' title='bbox 753 1545 912 1614; x_wconf 78' lang='lat' dir='ltr'>mentitur,</span> <span class='ocrx_word' id='word_1_122' title='bbox 929 1545 954 1614; x_wconf 59' lang='grc'>1)</span> <span class='ocrx_word' id='word_1_123' title='bbox 975 1546 1045 1600; x_wconf 87' lang='lat' dir='ltr'>dum</span> <span class='ocrx_word' id='word_1_124' title='bbox 1062 1543 1154 1602; x_wconf 82' lang='lat' dir='ltr'>nobis</span> <span class='ocrx_word' id='word_1_125' title='bbox 1172 1559 1290 1617; x_wconf 69' lang='lat' dir='ltr'>pem</span> 
     </span>
    </p>
   </div>
   <div class='ocr_carea' id='block_1_4' title="bbox 227 1635 1290 2248">
    <p class='ocr_par' dir='ltr' id='par_1_5' title="bbox 227 1635 1290 2248">
     <span class='ocr_line' id='line_1_15' title="bbox 227 1635 1290 1708; baseline -0.004 -14"><span class='ocrx_word' id='word_1_126' title='bbox 227 1635 303 1694; x_wconf 83' lang='lat' dir='ltr'>dere</span> <span class='ocrx_word' id='word_1_127' title='bbox 321 1649 463 1706; x_wconf 86' lang='lat' dir='ltr'>conatur,</span> <span class='ocrx_word' id='word_1_128' title='bbox 489 1645 520 1691; x_wconf 86' lang='lat' dir='ltr'>nt</span> <span class='ocrx_word' id='word_1_129' title='bbox 537 1636 710 1705; x_wconf 78' lang='lat' dir='ltr'>credamus,</span> <span class='ocrx_word' id='word_1_130' title='bbox 736 1643 797 1690; x_wconf 82' lang='lat' dir='ltr'>tran</span> <span class='ocrx_word' id='word_1_131' title='bbox 813 1635 966 1706; x_wconf 79' lang='lat' dir='ltr'>vulgarem</span> <span class='ocrx_word' id='word_1_132' title='bbox 988 1650 1055 1692; x_wconf 86' lang='lat' dir='ltr'>esse</span> <span class='ocrx_word' id='word_1_133' title='bbox 1072 1635 1155 1708; x_wconf 81' lang='lat' dir='ltr'>apud</span> <span class='ocrx_word' id='word_1_134' title='bbox 1175 1636 1290 1704; x_wconf 86' lang='lat' dir='ltr'>religio.</span> 
     </span>
     <span class='ocr_line' id='line_1_16' title="bbox 233 1725 1288 1798; baseline -0.002 -16"><span class='ocrx_word' id='word_1_135' title='bbox 233 1744 286 1782; x_wconf 87' lang='lat' dir='ltr'>sos</span> <span class='ocrx_word' id='word_1_136' title='bbox 310 1727 399 1782; x_wconf 86' lang='lat' dir='ltr'>iidem</span> <span class='ocrx_word' id='word_1_137' title='bbox 424 1736 455 1782; x_wconf 90' lang='lat' dir='ltr'>et</span> <span class='ocrx_word' id='word_1_138' title='bbox 471 1726 656 1794; x_wconf 77' lang='lat' dir='ltr'>caetitatem,</span> <span class='ocrx_word' id='word_1_139' title='bbox 682 1739 773 1798; x_wconf 89' lang='lat' dir='ltr'>quam</span> <span class='ocrx_word' id='word_1_140' title='bbox 793 1727 930 1794; x_wconf 74' lang='lat' dir='ltr'>vulgares</span> <span class='ocrx_word' id='word_1_141' title='bbox 957 1735 1025 1780; x_wconf 86' lang='lat' dir='ltr'>sunt</span> <span class='ocrx_word' id='word_1_142' title='bbox 1048 1725 1106 1797; x_wconf 85' lang='lat' dir='ltr'>ipsi</span> <span class='ocrx_word' id='word_1_143' title='bbox 1129 1725 1288 1792; x_wconf 82' lang='lat' dir='ltr'>monaulu&#39;,</span> 
     </span>
     <span class='ocr_line' id='line_1_17' title="bbox 232 1805 1289 1890; baseline -0.005 -18"><span class='ocrx_word' id='word_1_144' title='bbox 232 1805 408 1890; x_wconf 69' lang='lat' dir='ltr'>praesertim</span> <span class='ocrx_word' id='word_1_145' title='bbox 424 1815 607 1884; x_wconf 83' lang='lat' dir='ltr'>Minoritae,</span> <span class='ocrx_word' id='word_1_146' title='bbox 626 1829 696 1870; x_wconf 88' lang='lat' dir='ltr'>cum</span> <span class='ocrx_word' id='word_1_147' title='bbox 713 1831 766 1871; x_wconf 86' lang='lat' dir='ltr'>sua</span> <span class='ocrx_word' id='word_1_148' title='bbox 784 1814 876 1887; x_wconf 78' lang='lat' dir='ltr'>ipsius</span> <span class='ocrx_word' id='word_1_149' title='bbox 894 1815 1091 1885; x_wconf 83' lang='lat' dir='ltr'>conscientia,</span> <span class='ocrx_word' id='word_1_150' title='bbox 1115 1823 1184 1870; x_wconf 83' lang='lat' dir='ltr'>tum</span> <span class='ocrx_word' id='word_1_151' title='bbox 1202 1831 1289 1887; x_wconf 82' lang='lat' dir='ltr'>expe.</span> 
     </span>
     <span class='ocr_line' id='line_1_18' title="bbox 231 1895 1287 1976; baseline -0.002 -14"><span class='ocrx_word' id='word_1_152' title='bbox 231 1907 335 1967; x_wconf 83' lang='lat' dir='ltr'>rientia</span> <span class='ocrx_word' id='word_1_153' title='bbox 352 1922 422 1962; x_wconf 88' lang='lat' dir='ltr'>eum</span> <span class='ocrx_word' id='word_1_154' title='bbox 438 1907 526 1975; x_wconf 88' lang='lat' dir='ltr'>longe</span> <span class='ocrx_word' id='word_1_155' title='bbox 548 1903 630 1960; x_wconf 83' lang='lat' dir='ltr'>aliter</span> <span class='ocrx_word' id='word_1_156' title='bbox 646 1904 790 1971; x_wconf 87' lang='lat' dir='ltr'>doceant,</span> <span class='ocrx_word' id='word_1_157' title='bbox 813 1904 870 1959; x_wconf 86' lang='lat' dir='ltr'>nisi</span> <span class='ocrx_word' id='word_1_158' title='bbox 887 1904 969 1976; x_wconf 90' lang='lat' dir='ltr'>quod</span> <span class='ocrx_word' id='word_1_159' title='bbox 985 1919 1095 1976; x_wconf 85' lang='lat' dir='ltr'>purum</span> <span class='ocrx_word' id='word_1_160' title='bbox 1112 1895 1287 1962; x_wconf 77' lang='lat' dir='ltr'>Mirsorituu·</span> 
     </span>
     <span class='ocr_line' id='line_1_19' title="bbox 234 1990 1289 2070; baseline -0.002 -18"><span class='ocrx_word' id='word_1_161' title='bbox 234 2006 355 2070; x_wconf 90' lang='lat' dir='ltr'>oportet</span> <span class='ocrx_word' id='word_1_162' title='bbox 372 2011 440 2052; x_wconf 86' lang='lat' dir='ltr'>esse</span> <span class='ocrx_word' id='word_1_163' title='bbox 453 2001 562 2067; x_wconf 76' lang='lat' dir='ltr'>purum</span> <span class='ocrx_word' id='word_1_164' title='bbox 572 1993 768 2066; x_wconf 73' lang='lat' dir='ltr'>hypocritam.</span> <span class='ocrx_word' id='word_1_165' title='bbox 803 1990 851 2048; x_wconf 83' lang='lat' dir='ltr'>Sic</span> <span class='ocrx_word' id='word_1_166' title='bbox 864 1993 942 2048; x_wconf 82' lang='lat' dir='ltr'>enirn</span> <span class='ocrx_word' id='word_1_167' title='bbox 955 1994 1104 2067; x_wconf 85' lang='lat' dir='ltr'>loquitur,</span> <span class='ocrx_word' id='word_1_168' title='bbox 1122 1995 1210 2050; x_wconf 80' lang='lat' dir='ltr'>sicut</span> <span class='ocrx_word' id='word_1_169' title='bbox 1226 1996 1289 2050; x_wconf 84' lang='lat' dir='ltr'>lrae.</span> 
     </span>
     <span class='ocr_line' id='line_1_20' title="bbox 235 2083 1288 2156; baseline -0.002 -14"><span class='ocrx_word' id='word_1_170' title='bbox 235 2093 322 2142; x_wconf 80' lang='lat' dir='ltr'>tenne</span> <span class='ocrx_word' id='word_1_171' title='bbox 338 2086 498 2152; x_wconf 86' lang='lat' dir='ltr'>vixerunt,</span> <span class='ocrx_word' id='word_1_172' title='bbox 524 2084 652 2140; x_wconf 83' lang='lat' dir='ltr'>credens</span> <span class='ocrx_word' id='word_1_173' title='bbox 668 2091 727 2140; x_wconf 83' lang='lat' dir='ltr'>tam</span> <span class='ocrx_word' id='word_1_174' title='bbox 751 2083 901 2140; x_wconf 87' lang='lat' dir='ltr'>neminem</span> <span class='ocrx_word' id='word_1_175' title='bbox 917 2083 1001 2153; x_wconf 85' lang='lat' dir='ltr'>fore,</span> <span class='ocrx_word' id='word_1_176' title='bbox 1026 2084 1079 2156; x_wconf 87' lang='lat' dir='ltr'>qui</span> <span class='ocrx_word' id='word_1_177' title='bbox 1094 2086 1288 2142; x_wconf 77' lang='lat' dir='ltr'>mentientem</span> 
     </span>
     <span class='ocr_line' id='line_1_21' title="bbox 232 2169 1288 2248; baseline -0.002 -16"><span class='ocrx_word' id='word_1_178' title='bbox 232 2177 371 2248; x_wconf 76' lang='lat' dir='ltr'>intelliget</span> <span class='ocrx_word' id='word_1_179' title='bbox 381 2215 390 2245; x_wconf 93' lang='lat'>‚</span> <span class='ocrx_word' id='word_1_180' title='bbox 409 2191 496 2248; x_wconf 86' lang='lat' dir='ltr'>quam</span> <span class='ocrx_word' id='word_1_181' title='bbox 513 2175 660 2230; x_wconf 86' lang='lat' dir='ltr'>hactenus</span> <span class='ocrx_word' id='word_1_182' title='bbox 677 2188 767 2230; x_wconf 86' lang='lat' dir='ltr'>nemo</span> <span class='ocrx_word' id='word_1_183' title='bbox 784 2169 857 2242; x_wconf 73' lang='lat' dir='ltr'>lait‘,</span> <span class='ocrx_word' id='word_1_184' title='bbox 876 2175 926 2246; x_wconf 90' lang='lat' dir='ltr'>qui</span> <span class='ocrx_word' id='word_1_185' title='bbox 943 2183 1058 2246; x_wconf 87' lang='lat' dir='ltr'>putaret</span> <span class='ocrx_word' id='word_1_186' title='bbox 1069 2192 1125 2232; x_wconf 88' lang='lat' dir='ltr'>eos</span> <span class='ocrx_word' id='word_1_187' title='bbox 1144 2190 1218 2232; x_wconf 85' lang='lat' dir='ltr'>esse</span> <span class='ocrx_word' id='word_1_188' title='bbox 1235 2193 1288 2230; x_wconf 79' lang='lat' dir='ltr'>me</span> 
     </span>
    </p>
   </div>
   <div class='ocr_carea' id='block_1_5' title="bbox 100 2259 1289 2424">
    <p class='ocr_par' dir='ltr' id='par_1_6' title="bbox 100 2259 1289 2424">
     <span class='ocr_line' id='line_1_22' title="bbox 167 2259 1289 2338; baseline 0.001 -17"><span class='ocrx_word' id='word_1_189' title='bbox 167 2259 188 2279; x_wconf 81' lang='grc'>’”</span> <span class='ocrx_word' id='word_1_190' title='bbox 232 2281 281 2321; x_wconf 88' lang='lat' dir='ltr'>ras</span> <span class='ocrx_word' id='word_1_191' title='bbox 299 2281 460 2337; x_wconf 84' lang='lat' dir='ltr'>personas,</span> <span class='ocrx_word' id='word_1_192' title='bbox 484 2273 514 2320; x_wconf 85' lang='lat' dir='ltr'>et</span> <span class='ocrx_word' id='word_1_193' title='bbox 538 2272 574 2318; x_wconf 87' lang='lat' dir='ltr'>ut</span> <span class='ocrx_word' id='word_1_194' title='bbox 588 2261 698 2319; x_wconf 79' lang='lat' dir='ltr'>Paulus</span> <span class='ocrx_word' id='word_1_195' title='bbox 716 2263 774 2332; x_wconf 86' lang='lat' dir='ltr'>ait,</span> <span class='ocrx_word' id='word_1_196' title='bbox 799 2262 920 2336; x_wconf 82' lang='lat' dir='ltr'>species</span> <span class='ocrx_word' id='word_1_197' title='bbox 934 2263 1069 2336; x_wconf 83' lang='lat' dir='ltr'>pietatis,</span> <span class='ocrx_word' id='word_1_198' title='bbox 1096 2266 1187 2338; x_wconf 66' lang='lat' dir='ltr'>catius</span> <span class='ocrx_word' id='word_1_199' title='bbox 1204 2267 1289 2322; x_wconf 78' lang='lat' dir='ltr'>virtu.</span> 
     </span>
     <span class='ocr_line' id='line_1_23' title="bbox 100 2346 1122 2424; baseline 0.001 -15"><span class='ocrx_word' id='word_1_200' title='bbox 100 2346 106 2379; x_wconf 86' lang='grc'><strong>”</strong></span> <span class='ocrx_word' id='word_1_201' title='bbox 233 2366 296 2418; x_wconf 88' lang='lat' dir='ltr'>tem</span> <span class='ocrx_word' id='word_1_202' title='bbox 315 2353 469 2424; x_wconf 83' lang='lat' dir='ltr'>abnegant.</span> <span class='ocrx_word' id='word_1_203' title='bbox 1119 2385 1122 2390; x_wconf 94' lang='lat'>·</span> 
     </span>
    </p>
   </div>
   <div class='ocr_carea' id='block_1_6' title="bbox 159 2463 1288 3350">
    <p class='ocr_par' dir='ltr' id='par_1_7' title="bbox 159 2463 1288 3350">
     <span class='ocr_line' id='line_1_24' title="bbox 299 2463 1288 2544; baseline 0.003 -22"><span class='ocrx_word' id='word_1_204' title='bbox 299 2463 446 2540; x_wconf 81' lang='lat' dir='ltr'>Quamvis</span> <span class='ocrx_word' id='word_1_205' title='bbox 464 2477 563 2524; x_wconf 83' lang='lat' dir='ltr'>autern</span> <span class='ocrx_word' id='word_1_206' title='bbox 580 2483 642 2524; x_wconf 91' lang='lat' dir='ltr'>non</span> <span class='ocrx_word' id='word_1_207' title='bbox 661 2485 747 2537; x_wconf 84' lang='lat' dir='ltr'>egeas</span> <span class='ocrx_word' id='word_1_208' title='bbox 765 2479 797 2526; x_wconf 86' lang='lat' dir='ltr'>ut</span> <span class='ocrx_word' id='word_1_209' title='bbox 811 2467 978 2539; x_wconf 76' lang='lat' dir='ltr'>iudicem2)</span> <span class='ocrx_word' id='word_1_210' title='bbox 995 2469 1063 2540; x_wconf 84' lang='lat' dir='ltr'>tibi,</span> <span class='ocrx_word' id='word_1_211' title='bbox 1082 2469 1156 2544; x_wconf 90' lang='lat' dir='ltr'>quid</span> <span class='ocrx_word' id='word_1_212' title='bbox 1172 2471 1288 2544; x_wconf 82' lang='lat' dir='ltr'>potissi.</span> 
     </span>
     <span class='ocr_line' id='line_1_25' title="bbox 234 2553 1288 2632; baseline 0.004 -18"><span class='ocrx_word' id='word_1_213' title='bbox 234 2573 318 2614; x_wconf 87' lang='lat' dir='ltr'>mum</span> <span class='ocrx_word' id='word_1_214' title='bbox 334 2561 364 2615; x_wconf 87' lang='lat' dir='ltr'>in</span> <span class='ocrx_word' id='word_1_215' title='bbox 387 2559 436 2614; x_wconf 91' lang='lat' dir='ltr'>illo</span> <span class='ocrx_word' id='word_1_216' title='bbox 455 2560 640 2614; x_wconf 87' lang='lat' dir='ltr'>confutatum</span> <span class='ocrx_word' id='word_1_217' title='bbox 656 2553 684 2625; x_wconf 80' lang='lat'>³)</span> <span class='ocrx_word' id='word_1_218' title='bbox 709 2567 859 2632; x_wconf 86' lang='lat' dir='ltr'>oporteat:</span> <span class='ocrx_word' id='word_1_219' title='bbox 883 2569 981 2616; x_wconf 83' lang='lat' dir='ltr'>temen</span> <span class='ocrx_word' id='word_1_220' title='bbox 997 2571 1030 2616; x_wconf 92' lang='lat' dir='ltr'>ut</span> <span class='ocrx_word' id='word_1_221' title='bbox 1046 2577 1109 2617; x_wconf 89' lang='lat' dir='ltr'>uno</span> <span class='ocrx_word' id='word_1_222' title='bbox 1127 2575 1222 2618; x_wconf 81' lang='lat' dir='ltr'>sensu</span> <span class='ocrx_word' id='word_1_223' title='bbox 1238 2575 1288 2618; x_wconf 79' lang='lat' dir='ltr'>noa</span> 
     </span>
     <span class='ocr_line' id='line_1_26' title="bbox 235 2637 1287 2726; baseline -0.002 -18"><span class='ocrx_word' id='word_1_224' title='bbox 235 2637 315 2708; x_wconf 83' lang='lat' dir='ltr'>idem</span> <span class='ocrx_word' id='word_1_225' title='bbox 332 2652 470 2708; x_wconf 83' lang='lat' dir='ltr'>damnare</span> <span class='ocrx_word' id='word_1_226' title='bbox 487 2650 602 2717; x_wconf 84' lang='lat' dir='ltr'>videat,</span> <span class='ocrx_word' id='word_1_227' title='bbox 624 2649 696 2704; x_wconf 84' lang='lat' dir='ltr'>volo</span> <span class='ocrx_word' id='word_1_228' title='bbox 715 2649 824 2722; x_wconf 87' lang='lat' dir='ltr'>etipse</span> <span class='ocrx_word' id='word_1_229' title='bbox 840 2651 902 2705; x_wconf 90' lang='lat' dir='ltr'>hoc</span> <span class='ocrx_word' id='word_1_230' title='bbox 914 2667 1058 2719; x_wconf 88' lang='lat' dir='ltr'>monere,</span> <span class='ocrx_word' id='word_1_231' title='bbox 1083 2651 1170 2724; x_wconf 89' lang='lat' dir='ltr'>quod</span> <span class='ocrx_word' id='word_1_232' title='bbox 1186 2652 1287 2726; x_wconf 88' lang='lat' dir='ltr'>procul</span> 
     </span>
     <span class='ocr_line' id='line_1_27' title="bbox 235 2735 1288 2812; baseline 0.004 -17"><span class='ocrx_word' id='word_1_233' title='bbox 235 2739 325 2798; x_wconf 90' lang='lat' dir='ltr'>dubio</span> <span class='ocrx_word' id='word_1_234' title='bbox 344 2741 492 2808; x_wconf 81' lang='lat' dir='ltr'>chrisme,</span> <span class='ocrx_word' id='word_1_235' title='bbox 510 2741 560 2812; x_wconf 90' lang='lat' dir='ltr'>qui</span> <span class='ocrx_word' id='word_1_236' title='bbox 577 2751 606 2795; x_wconf 86' lang='lat' dir='ltr'>te</span> <span class='ocrx_word' id='word_1_237' title='bbox 619 2739 718 2809; x_wconf 88' lang='lat' dir='ltr'>docet,</span> <span class='ocrx_word' id='word_1_238' title='bbox 738 2741 767 2794; x_wconf 88' lang='lat' dir='ltr'>in</span> <span class='ocrx_word' id='word_1_239' title='bbox 785 2753 813 2795; x_wconf 88' lang='lat' dir='ltr'>te</span> <span class='ocrx_word' id='word_1_240' title='bbox 826 2741 969 2800; x_wconf 88' lang='lat' dir='ltr'>monebit.</span> <span class='ocrx_word' id='word_1_241' title='bbox 1002 2739 1071 2797; x_wconf 83' lang='lat' dir='ltr'>Hoc</span> <span class='ocrx_word' id='word_1_242' title='bbox 1085 2753 1189 2798; x_wconf 87' lang='lat' dir='ltr'>autern</span> <span class='ocrx_word' id='word_1_243' title='bbox 1204 2735 1288 2806; x_wconf 78' lang='lat' dir='ltr'>est‚¹l</span> 
     </span>
     <span class='ocr_line' id='line_1_28' title="bbox 236 2821 1287 2906; baseline 0.005 -23"><span class='ocrx_word' id='word_1_244' title='bbox 236 2831 318 2903; x_wconf 78' lang='lat' dir='ltr'>qnod</span> <span class='ocrx_word' id='word_1_245' title='bbox 329 2831 422 2886; x_wconf 90' lang='lat' dir='ltr'>homo</span> <span class='ocrx_word' id='word_1_246' title='bbox 437 2831 484 2886; x_wconf 90' lang='lat' dir='ltr'>ille</span> <span class='ocrx_word' id='word_1_247' title='bbox 494 2839 639 2904; x_wconf 88' lang='lat' dir='ltr'>perpetuo</span> <span class='ocrx_word' id='word_1_248' title='bbox 652 2829 730 2885; x_wconf 89' lang='lat' dir='ltr'>libro</span> <span class='ocrx_word' id='word_1_249' title='bbox 741 2831 830 2885; x_wconf 88' lang='lat' dir='ltr'>multa</span> <span class='ocrx_word' id='word_1_250' title='bbox 841 2821 872 2896; x_wconf 85' lang='lat'>⁵)</span> <span class='ocrx_word' id='word_1_251' title='bbox 891 2841 971 2886; x_wconf 90' lang='lat' dir='ltr'>certe</span> <span class='ocrx_word' id='word_1_252' title='bbox 989 2833 1059 2887; x_wconf 87' lang='lat' dir='ltr'>eatis</span> <span class='ocrx_word' id='word_1_253' title='bbox 1077 2849 1094 2886; x_wconf 90' lang='lat' dir='ltr'>e</span> <span class='ocrx_word' id='word_1_254' title='bbox 1107 2825 1287 2906; x_wconf 69' lang='lat' dir='ltr'>Scripnmll</span> 
     </span>
     <span class='ocr_line' id='line_1_29' title="bbox 235 2919 1286 2994; baseline 0.004 -20"><span class='ocrx_word' id='word_1_255' title='bbox 235 2919 368 2984; x_wconf 79' lang='lat' dir='ltr'>adducit,</span> <span class='ocrx_word' id='word_1_256' title='bbox 384 2928 415 2974; x_wconf 85' lang='lat' dir='ltr'>et</span> <span class='ocrx_word' id='word_1_257' title='bbox 431 2919 459 2974; x_wconf 93' lang='lat' dir='ltr'>in</span> <span class='ocrx_word' id='word_1_258' title='bbox 476 2920 607 2990; x_wconf 82' lang='lat' dir='ltr'>margine</span> <span class='ocrx_word' id='word_1_259' title='bbox 619 2919 787 2988; x_wconf 82' lang='lat' dir='ltr'>gloriosius,</span> <span class='ocrx_word' id='word_1_260' title='bbox 806 2935 895 2992; x_wconf 89' lang='lat' dir='ltr'>quam</span> <span class='ocrx_word' id='word_1_261' title='bbox 912 2919 1016 2976; x_wconf 87' lang='lat' dir='ltr'>deceat</span> <span class='ocrx_word' id='word_1_262' title='bbox 1026 2921 1208 2978; x_wconf 82' lang='lat' dir='ltr'>Minorinm</span> <span class='ocrx_word' id='word_1_263' title='bbox 1225 2923 1286 2994; x_wconf 84' lang='lat' dir='ltr'>(nisi</span> 
     </span>
     <span class='ocr_line' id='line_1_30' title="bbox 236 3007 1287 3082; baseline 0.002 -16"><span class='ocrx_word' id='word_1_264' title='bbox 236 3007 409 3082; x_wconf 83' lang='lat' dir='ltr'>hypocrisis</span> <span class='ocrx_word' id='word_1_265' title='bbox 426 3010 571 3076; x_wconf 86' lang='lat' dir='ltr'>faceret),</span> <span class='ocrx_word' id='word_1_266' title='bbox 592 3019 731 3066; x_wconf 83' lang='lat' dir='ltr'>ostentat.</span> <span class='ocrx_word' id='word_1_267' title='bbox 765 3007 806 3064; x_wconf 85' lang='lat' dir='ltr'>Et</span> <span class='ocrx_word' id='word_1_268' title='bbox 822 3025 883 3066; x_wconf 88' lang='lat' dir='ltr'>non</span> <span class='ocrx_word' id='word_1_269' title='bbox 900 3011 980 3066; x_wconf 90' lang='lat' dir='ltr'>videt</span> <span class='ocrx_word' id='word_1_270' title='bbox 998 3011 1115 3067; x_wconf 88' lang='lat' dir='ltr'>interim</span> <span class='ocrx_word' id='word_1_271' title='bbox 1136 3031 1248 3069; x_wconf 84' lang='lat' dir='ltr'>caecas</span> <span class='ocrx_word' id='word_1_272' title='bbox 1263 3021 1287 3068; x_wconf 84' lang='lat' dir='ltr'>rt</span> 
     </span>
     <span class='ocr_line' id='line_1_31' title="bbox 159 3097 1286 3174; baseline -0.001 -17"><span class='ocrx_word' id='word_1_273' title='bbox 159 3111 167 3128; x_wconf 91' lang='lat'><strong>·</strong></span> <span class='ocrx_word' id='word_1_274' title='bbox 237 3099 378 3172; x_wconf 89' lang='lat' dir='ltr'>insipiens</span> <span class='ocrx_word' id='word_1_275' title='bbox 397 3097 574 3168; x_wconf 88' lang='lat' dir='ltr'>indagator,</span> <span class='ocrx_word' id='word_1_276' title='bbox 593 3115 681 3174; x_wconf 84' lang='lat' dir='ltr'>quam</span> <span class='ocrx_word' id='word_1_277' title='bbox 693 3099 741 3154; x_wconf 84' lang='lat' dir='ltr'>illa</span> <span class='ocrx_word' id='word_1_278' title='bbox 753 3099 851 3156; x_wconf 86' lang='lat' dir='ltr'>omnia</span> <span class='ocrx_word' id='word_1_279' title='bbox 865 3117 990 3172; x_wconf 85' lang='lat' dir='ltr'>prorsus</span> <span class='ocrx_word' id='word_1_280' title='bbox 1003 3101 1073 3158; x_wconf 88' lang='lat' dir='ltr'>nihil</span> <span class='ocrx_word' id='word_1_281' title='bbox 1085 3101 1123 3156; x_wconf 88' lang='lat' dir='ltr'>ad</span> <span class='ocrx_word' id='word_1_282' title='bbox 1141 3123 1207 3159; x_wconf 87' lang='lat' dir='ltr'>rem</span> <span class='ocrx_word' id='word_1_283' title='bbox 1226 3103 1286 3160; x_wconf 80' lang='lat' dir='ltr'>laci</span> 
     </span>
     <span class='ocr_line' id='line_1_32' title="bbox 237 3179 1286 3272; baseline 0.002 -26"><span class='ocrx_word' id='word_1_284' title='bbox 237 3199 303 3272; x_wconf 73' lang='lat' dir='ltr'>ant,</span> <span class='ocrx_word' id='word_1_285' title='bbox 328 3188 410 3262; x_wconf 90' lang='lat' dir='ltr'>quod</span> <span class='ocrx_word' id='word_1_286' title='bbox 434 3188 508 3246; x_wconf 83' lang='lat' dir='ltr'>adeo</span> <span class='ocrx_word' id='word_1_287' title='bbox 523 3189 731 3256; x_wconf 84' lang='lat' dir='ltr'>manifestum,</span> <span class='ocrx_word' id='word_1_288' title='bbox 748 3179 778 3258; x_wconf 83' lang='lat'>⁷)</span> <span class='ocrx_word' id='word_1_289' title='bbox 803 3198 836 3244; x_wconf 90' lang='lat' dir='ltr'>ut</span> <span class='ocrx_word' id='word_1_290' title='bbox 853 3189 980 3262; x_wconf 83' lang='lat' dir='ltr'>ipsemet</span> <span class='ocrx_word' id='word_1_291' title='bbox 997 3203 1121 3262; x_wconf 85' lang='lat' dir='ltr'>cogatur</span> <span class='ocrx_word' id='word_1_292' title='bbox 1138 3195 1286 3261; x_wconf 86' lang='lat' dir='ltr'>conliteri,</span> 
     </span>
     <span class='ocr_line' id='line_1_33' title="bbox 236 3277 1055 3350; baseline -0.001 -11"><span class='ocrx_word' id='word_1_293' title='bbox 236 3279 329 3339; x_wconf 87' lang='lat' dir='ltr'>modo</span> <span class='ocrx_word' id='word_1_294' title='bbox 348 3279 375 3334; x_wconf 91' lang='lat' dir='ltr'>ei</span> <span class='ocrx_word' id='word_1_295' title='bbox 393 3278 481 3350; x_wconf 84' lang='lat' dir='ltr'>digito</span> <span class='ocrx_word' id='word_1_296' title='bbox 499 3278 645 3333; x_wconf 78' lang='lat' dir='ltr'>crassiore</span> <span class='ocrx_word' id='word_1_297' title='bbox 664 3277 852 3346; x_wconf 78' lang='lat' dir='ltr'>ostendatur,</span> <span class='ocrx_word' id='word_1_298' title='bbox 869 3279 931 3336; x_wconf 87' lang='lat' dir='ltr'>hoc</span> <span class='ocrx_word' id='word_1_299' title='bbox 948 3281 1055 3338; x_wconf 83' lang='lat' dir='ltr'>modo:</span> 
     </span>
    </p>
   </div>
   <div class='ocr_carea' id='block_1_7' title="bbox 238 3388 1286 3652">
    <p class='ocr_par' dir='ltr' id='par_1_8' title="bbox 238 3388 1286 3652">
     <span class='ocr_line' id='line_1_34' title="bbox 303 3388 1286 3465; baseline 0.001 -14"><span class='ocrx_word' id='word_1_300' title='bbox 303 3388 417 3451; x_wconf 80' lang='lat' dir='ltr'>Nonne</span> <span class='ocrx_word' id='word_1_301' title='bbox 435 3393 533 3448; x_wconf 90' lang='lat' dir='ltr'>omnia</span> <span class='ocrx_word' id='word_1_302' title='bbox 550 3393 641 3448; x_wconf 83' lang='lat' dir='ltr'>verbs</span> <span class='ocrx_word' id='word_1_303' title='bbox 668 3401 696 3446; x_wconf 87' lang='lat' dir='ltr'>et</span> <span class='ocrx_word' id='word_1_304' title='bbox 713 3393 790 3446; x_wconf 81' lang='lat' dir='ltr'>facte</span> <span class='ocrx_word' id='word_1_305' title='bbox 809 3391 978 3464; x_wconf 79' lang='lat' dir='ltr'>scripturae</span> <span class='ocrx_word' id='word_1_306' title='bbox 995 3405 1065 3460; x_wconf 82' lang='lat' dir='ltr'>eunt</span> <span class='ocrx_word' id='word_1_307' title='bbox 1081 3411 1213 3465; x_wconf 88' lang='lat' dir='ltr'>prorsus</span> <span class='ocrx_word' id='word_1_308' title='bbox 1231 3415 1286 3452; x_wconf 86' lang='lat' dir='ltr'>on.</span> 
     </span>
     <span class='ocr_line' id='line_1_35' title="bbox 238 3477 1284 3566; baseline -0.001 -23"><span class='ocrx_word' id='word_1_309' title='bbox 238 3488 321 3548; x_wconf 88' lang='lat' dir='ltr'>nium</span> <span class='ocrx_word' id='word_1_310' title='bbox 346 3485 583 3548; x_wconf 83' lang='lat' dir='ltr'>Christianorum</span> <span class='ocrx_word' id='word_1_311' title='bbox 599 3477 630 3550; x_wconf 72' lang='grc'>8)</span> <span class='ocrx_word' id='word_1_312' title='bbox 655 3483 854 3566; x_wconf 57' lang='lat' dir='ltr'>documenta?</span> <span class='ocrx_word' id='word_1_313' title='bbox 880 3483 960 3538; x_wconf 85' lang='lat' dir='ltr'>sicut</span> <span class='ocrx_word' id='word_1_314' title='bbox 983 3481 1094 3540; x_wconf 83' lang='lat' dir='ltr'>Paulus</span> <span class='ocrx_word' id='word_1_315' title='bbox 1117 3487 1211 3543; x_wconf 87' lang='lat' dir='ltr'>Rom.</span> <span class='ocrx_word' id='word_1_316' title='bbox 1229 3487 1284 3543; x_wconf 75' lang='lat' dir='ltr'>xl.</span> 
     </span>
     <span class='ocr_line' id='line_1_36' title="bbox 239 3567 1285 3652; baseline 0 -20"><span class='ocrx_word' id='word_1_317' title='bbox 239 3567 326 3632; x_wconf 82' lang='lat' dir='ltr'>dicii:</span> <span class='ocrx_word' id='word_1_318' title='bbox 361 3575 584 3652; x_wconf 45' lang='lat' dir='ltr'>Quaecunque*</span> <span class='ocrx_word' id='word_1_319' title='bbox 599 3571 723 3644; x_wconf 81' lang='lat' dir='ltr'>scripto</span> <span class='ocrx_word' id='word_1_320' title='bbox 753 3577 844 3642; x_wconf 71' lang='lat' dir='ltr'>sient,</span> <span class='ocrx_word' id='word_1_321' title='bbox 871 3572 918 3628; x_wconf 84' lang='lat' dir='ltr'>od</span> <span class='ocrx_word' id='word_1_322' title='bbox 938 3579 1087 3629; x_wconf 82' lang='lat' dir='ltr'>nostram</span> <span class='ocrx_word' id='word_1_323' title='bbox 1110 3576 1285 3634; x_wconf 72' lang='lat' dir='ltr'>doctrinam</span> 
     </span>
    </p>
   </div>
   <div class='ocr_carea' id='block_1_8' title="bbox 240 3817 1282 4030">
    <p class='ocr_par' dir='ltr' id='par_1_9' title="bbox 240 3817 1282 4030">
     <span class='ocr_line' id='line_1_37' title="bbox 292 3817 1282 3878; baseline -0.003 -7"><span class='ocrx_word' id='word_1_324' title='bbox 292 3830 313 3878; x_wconf 76' lang='grc'>1)</span> <span class='ocrx_word' id='word_1_325' title='bbox 326 3825 387 3871; x_wconf 82' lang='lat' dir='ltr'>vlt.</span> <span class='ocrx_word' id='word_1_326' title='bbox 400 3824 537 3871; x_wconf 80' lang='lat' dir='ltr'>mentiatur.</span> <span class='ocrx_word' id='word_1_327' title='bbox 573 3824 597 3878; x_wconf 84' lang='grc'>2)</span> <span class='ocrx_word' id='word_1_328' title='bbox 610 3821 670 3871; x_wconf 78' lang='lat' dir='ltr'>vu.</span> <span class='ocrx_word' id='word_1_329' title='bbox 683 3817 822 3870; x_wconf 79' lang='lat' dir='ltr'>monalium.</span> <span class='ocrx_word' id='word_1_330' title='bbox 855 3823 878 3878; x_wconf 79' lang='grc'>3)</span> <span class='ocrx_word' id='word_1_331' title='bbox 892 3821 949 3870; x_wconf 85' lang='lat' dir='ltr'>vil.</span> <span class='ocrx_word' id='word_1_332' title='bbox 965 3819 1046 3870; x_wconf 85' lang='lat' dir='ltr'>inille</span> <span class='ocrx_word' id='word_1_333' title='bbox 1061 3833 1106 3870; x_wconf 85' lang='lat' dir='ltr'>suu</span> <span class='ocrx_word' id='word_1_334' title='bbox 1121 3835 1181 3871; x_wconf 84' lang='lat' dir='ltr'>rere</span> <span class='ocrx_word' id='word_1_335' title='bbox 1196 3821 1282 3872; x_wconf 71' lang='lat' dir='ltr'>minari</span> 
     </span>
     <span class='ocr_line' id='line_1_38' title="bbox 240 3896 1281 3966; baseline -0.005 -18"><span class='ocrx_word' id='word_1_336' title='bbox 240 3899 290 3949; x_wconf 85' lang='lat' dir='ltr'>tleo</span> <span class='ocrx_word' id='word_1_337' title='bbox 305 3899 520 3950; x_wconf 74' lang='lat' dir='ltr'>librorelutatun.</span> <span class='ocrx_word' id='word_1_338' title='bbox 560 3896 824 3966; x_wconf 54' lang='lat' dir='ltr'>lllliauempeloc.</span> <span class='ocrx_word' id='word_1_339' title='bbox 852 3897 889 3951; x_wconf 83' lang='grc'>’5)</span> <span class='ocrx_word' id='word_1_340' title='bbox 903 3897 962 3948; x_wconf 85' lang='lat' dir='ltr'>vu.</span> <span class='ocrx_word' id='word_1_341' title='bbox 976 3897 1061 3946; x_wconf 79' lang='lat' dir='ltr'>multo.</span> <span class='ocrx_word' id='word_1_342' title='bbox 1103 3897 1281 3956; x_wconf 59' lang='lat' dir='ltr'>dlvii-dirip-</span> 
     </span>
     <span class='ocr_line' id='line_1_39' title="bbox 240 3969 871 4030; baseline -0.005 -10"><span class='ocrx_word' id='word_1_343' title='bbox 240 3977 307 4024; x_wconf 74' lang='lat' dir='ltr'>turis</span> <span class='ocrx_word' id='word_1_344' title='bbox 358 3973 381 4028; x_wconf 78' lang='grc'>1)</span> <span class='ocrx_word' id='word_1_345' title='bbox 395 3972 411 4025; x_wconf 74' lang='lat' dir='ltr'>l</span> <span class='ocrx_word' id='word_1_346' title='bbox 425 3970 483 4024; x_wconf 79' lang='lat' dir='ltr'>Vll.</span> <span class='ocrx_word' id='word_1_347' title='bbox 498 3973 542 4018; x_wconf 80' lang='lat' dir='ltr'>est.</span> <span class='ocrx_word' id='word_1_348' title='bbox 591 3973 616 4030; x_wconf 77' lang='grc'>8)</span> <span class='ocrx_word' id='word_1_349' title='bbox 627 3971 685 4018; x_wconf 77' lang='lat' dir='ltr'>vlt.</span> <span class='ocrx_word' id='word_1_350' title='bbox 700 3971 715 4024; x_wconf 90' lang='lat'>†</span> <span class='ocrx_word' id='word_1_351' title='bbox 729 3969 871 4021; x_wconf 82' lang='lat' dir='ltr'>communia.</span> 
     </span>
    </p>
   </div>
   <div class='ocr_carea' id='block_1_9' title="bbox 0 0 1345 4564">
    <p class='ocr_par' dir='ltr' id='par_1_10' title="bbox 0 0 1345 4564">
     <span class='ocr_line' id='line_1_40' title="bbox 0 0 1345 4564; baseline 0 0"><span class='ocrx_word' id='word_1_352' title='bbox 0 0 1345 4564; x_wconf 95' lang='lat' dir='ltr'> </span> 
     </span>
    </p>
   </div>
  </div>
 </body>
</html>
