2672 4568
226 233 286 344 19¹0
561 311 585 348 Δ,
706 277 803 374 15η

289 432 411 488 Doctor
427 431 476 487 ille
494 431 720 504 Agrippinensis
733 433 886 491 Gerardus
904 443 1046 502 vocatur,
1064 438 1154 490 natus
1174 445 1194 486 e
1213 430 1285 487 divi.

224 534 287 578 tum
305 523 416 594 civium
434 523 658 578 coloniensium
676 525 832 594 sanguine:
862 525 998 580 sincerus
1015 525 1079 592 vir,
1106 526 1161 596 qtri
1184 524 1284 577 studio

223 615 355 669 veritatis
378 614 439 669 lruc
464 613 613 680 ascendit,
640 625 670 668 et
694 613 790 685 primo
808 615 838 668 in
855 615 1043 686 Cygneomm
1060 615 1283 686 prophetaram

222 705 326 760 incidit
343 705 494 774 dogmata,
519 703 662 775 equibus
684 705 828 774 juvenem
845 705 986 760 Coloniae
1004 706 1116 759 aluerat
1136 717 1167 758 et
1186 705 1283 756 audie.

222 807 283 860 rat,
309 803 338 847 et
364 794 460 848 adhue
483 794 553 848 satis
577 793 695 848 illorum
713 785 837 849 som'niis
856 802 904 860 (ut
920 788 1108 866 neophytus)
1127 803 1283 848 movetur.

223 884 341 940 Crescit
357 893 455 936 tamen
473 882 502 936 in
514 884 591 936 viam
607 861 708 937 saltam
720 883 868 954 paulatim.
903 884 1038 954 Cygneae
1051 883 1200 939 Thomas
1216 899 1282 935 cum

182 987 184 994 ’
223 975 284 1030 suis
296 983 428 1029 monstra
441 973 621 1044 plantaverat
627 991 636 1040 ;
655 973 791 1042 Egranus
805 974 965 1028 etiamnum
981 983 1119 1046 portenta
1134 973 1281 1038 seminam

221 1065 352 1136 undique
370 1064 440 1118 tnrit
456 1065 543 1122 Satan
561 1073 590 1118 et
607 1063 759 1118 insidiatur
774 1063 949 1133 Evangelio.
983 1068 1022 1118 At
1034 1065 1176 1134 Cygneae
1190 1064 1280 1117 modo

221 1154 317 1221 tribus
336 1153 460 1224 egregiis
477 1153 548 1208 viris
567 1153 755 1222 evangelistis
772 1153 849 1207 bene
867 1154 1023 1224 provisum
1040 1163 1106 1221 est,
1137 1153 1212 1224 ipso
1237 1169 1282 1224 pa.

218 1255 302 1300 store
321 1245 434 1318 optimo
452 1243 534 1313 viro,
553 1253 582 1298 et
600 1244 663 1298 aliis
682 1244 797 1298 duobus
814 1243 970 1314 Magistris
988 1243 1220 1298 Sacerdotibus.

158 1415 160 1420 ¹
286 1350 379 1406 Video
396 1360 494 1406 autem
506 1349 769 1420 Eulenburgeuses
786 1351 899 1422 aliquot
917 1367 1096 1421 segnescere
1114 1369 1174 1422 pro
1197 1367 1281 1404 evan.

128 1511 132 1520 ι
220 1441 324 1512 gelista
349 1441 503 1508 vocando,
533 1439 607 1494 alios
633 1457 707 1494 vero
734 1440 917 1509 desiderare,
946 1451 978 1495 ut
1001 1436 1151 1511 Princeps
1178 1451 1281 1495 noster
1326 1443 1327 1470 ³

220 1531 360 1585 Senatum
377 1529 470 1584 literis
488 1525 709 1598 adhortaretur,
733 1540 765 1584 ut
790 1531 902 1602 populo
920 1531 1030 1588 misero
1049 1530 1079 1584 in
1097 1530 1157 1584 hac
1177 1547 1213 1584 re
1232 1549 1278 1583 ne.

221 1621 351 1675 cessaria
369 1631 398 1674 et
415 1631 516 1676 sancta
535 1619 690 1686 cederent,
709 1627 737 1674 et
752 1619 800 1674 vel
819 1621 968 1673 Andrean]
981 1619 1196 1674 Kansdorlium
1206 1661 1217 1689 ‚
1236 1621 1278 1674 vel

166 1710 172 1734 ²
220 1703 375 1767 Tlromam
391 1708 948 1780 quendamll'ittembergaevocarent.
982 1710 1073 1763 Vides
1085 1726 1159 1778 ergo
1173 1720 1205 1764 et
1218 1723 1277 1762 urae

220 1801 356 1858 citaritati
373 1801 424 1858 laic
440 1791 544 1878 locum
565 1813 658 1880 esse,¹
674 1799 699 1854 si
723 1815 738 1852 a
762 1799 904 1872 Principe
929 1801 1015 1854 talem
1038 1799 1278 1856 adhortationem

221 1891 378 1962 impetrare
403 1904 520 1961 posses.
554 1887 633 1943 Nam
658 1898 687 1942 et
707 1887 857 1966 Principis
883 1899 912 1944 et
928 1891 951 1956 ¹)
979 1889 1133 1944 christiani
1160 1892 1275 1958 fratriS,

145 2039 151 2051 ,
219 1981 308 2036 etiam
324 1980 472 2060 Principis
491 1979 627 2047 nomine,
651 1978 790 2048 interest,
817 1979 894 2051 lupis
913 1979 1081 2050 adversari,
1110 1991 1141 2036 et
1158 2001 1217 2054 pro
1234 1983 1275 2036 sui

218 2071 320 2143 populi
334 2065 427 2125 saline
438 2059 588 2124 solicitum
601 2083 677 2123 esse.
705 2067 788 2122 lianc
801 2067 889 2140 igitur
902 2087 1003 2124 curam
1015 2070 1068 2125 tibi
1083 2063 1274 2127 commendo.

285 2175 474 2232 Catharintnn
490 2173 517 2242 ⁴)
537 2183 565 2228 et
582 2173 854 2246 Archiepiseopum
870 2175 1017 2231 Venetam
1034 2175 1077 2244 **)
1104 2189 1212 2232 contra
1228 2193 1271 2232 me

217 2266 386 2320 scribentes
404 2265 522 2336 accepi,
548 2276 578 2318 et
594 2263 670 2338 bene
687 2263 785 2319 Italiae
806 2261 941 2334 taudem,
969 2268 1051 2342 quod
1077 2278 1109 2321 et
1132 2268 1197 2340 ipsa
1215 2268 1272 2322 Ru.
1325 2317 1326 2348 p

217 2357 292 2410 beos
311 2366 340 2410 et
356 2355 511 2410 Alveldios
528 2354 634 2422 habet,
660 2370 698 2407 ue
722 2361 798 2408 tanta
822 2356 914 2424 gloria
931 2357 987 2410 soli
1007 2357 1153 2412 Germani
1174 2375 1272 2429 super.

149 2466 155 2472 ·
216 2446 325 2500 bireut.
359 2445 471 2514 Indigni
490 2452 558 2498 sunt
573 2443 623 2514 qni
643 2443 793 2513 legantur,
811 2445 920 2500 nedum
936 2446 1013 2516 digni
1027 2447 1139 2535 quibus
1152 2464 1273 2520 respon.

218 2537 330 2593 deatur.
363 2535 449 2607 Paris
467 2533 629 2590 autoritatis
647 2551 663 2588 e
681 2533 783 2606 Lipsia
800 2535 872 2590 milri
890 2535 985 2592 attulit
996 2537 1152 2594 Dominus
1167 2539 1274 2595 Gerar.

217 2628 272 2681 dus
286 2627 392 2680 librum
407 2624 581 2680 llochstrati
600 2629 786 2691 contram,
806 2641 970 2698 suppresso
989 2635 1088 2691 tamen
1107 2643 1166 2683 suo
1183 2629 1273 2685 nomi.

216 2735 271 2784 ue,
296 2717 348 2770 sed
373 2716 451 2787 stylo
470 2726 499 2768 et
524 2714 658 2782 ingeni0,
685 2731 741 2770 ceu
758 2713 859 2768 asinus
877 2717 933 2770 sub
951 2717 1046 2773 leonis
1065 2719 1189 2774 auribus
1208 2737 1272 2791 pro.

217 2806 287 2872 diti,
315 2805 477 2876 quernigni
496 2803 641 2860 dedimus.
660 2803 717 2869 aas)
752 2803 890 2859 Christus
908 2804 1028 2862 infatuat
1046 2824 1122 2864 suos
1140 2811 1273 2864 adversa.

217 2895 278 2950 rios
308 2881 446 2962 egregie(
467 2893 549 2947 Vale.
583 2891 633 2947 Ex
662 2910 730 2957 arce
759 2891 1015 2966 Eulrnbergensi‚
1046 2898 1122 2952 seria
1149 2903 1176 2954 2.
1205 2909 1272 2973 post

216 2983 444 3060 Misericordiae
462 2972 605 3051 Domini,
625 2998 701 3036 antro
719 2981 884 3038 affluxit.

857 3098 895 3155 Τ.
913 3097 1061 3156 Martinus
1078 3101 1242 3161 Ltuher‘us.

220 3287 741 3312 Μ

98 3427 101 3434 ‹
177 3449 180 3452 ,
265 3395 286 3450 l)
301 3393 359 3440 cod.
373 3393 429 3438 Jrn.
443 3391 476 3436 ul.

217 3514 445 3534 w

264 3602 287 3648 *t
302 3593 492 3648 castridunis
506 3594 575 3646 itura
589 3589 694 3642 tentent:
713 3589 843 3637 Etrnsatio
853 3592 1025 3650 disputationis
1039 3598 1129 3644 contm
1141 3597 1264 3646 Lathernn

216 3669 245 3714 ad
258 3669 383 3714 urilversas
396 3666 522 3714 eeclesias:
547 3665 653 3710 l'lorent.
669 3665 725 3710 1521.
738 3666 758 3710 l.

265 3744 302 3790 ”l
316 3741 402 3793 mittut
415 3741 507 3792 &tanat
520 3737 584 3790 iiiitt
597 3735 717 3781 Fabricius
732 3735 846 3782 Centilol.
860 3737 931 3784 Lutlr.
945 3740 1007 3790 atat
1020 3751 1059 3788 att.

264 3816 316 3868 ”a
330 3812 419 3862 “aialdu
432 3811 524 3862 &ortu
538 3811 563 3863 itt
575 3808 644 3860 tulit
670 3807 742 3857 tatu
755 3813 793 3854 arr
806 3811 877 3863 atriti
888 3815 938 3861 1524
950 3814 1104 3868 ariditatem
1122 3819 1146 3870 to
1159 3817 1215 3870 ttefir
1229 3818 1264 3868 aa

216 3889 260 3940 nni
274 3887 324 3946 Μ
342 3885 446 3937 &attin
468 3881 582 3938 Dialogus
600 3883 630 3928 de
643 3881 802 3928 veneratione
817 3886 842 3929 et
855 3884 1013 3934 invocatione
1027 3891 1170 3939 sanctornm
1181 3897 1263 3940 eontra

217 3961 338 4021 perfidiam
352 3958 543 4026 Lutlreranoruur
555 3978 580 3992 -
590 3971 615 3991 *-
627 3955 727 4027 authore
741 3956 762 4002 J.
777 3955 952 4007 Philalethe
966 3959 1054 4009 colon.
1067 3967 1088 4014 4.
1103 3969 1195 4021 ratim,
