2736 4564
249 277 292 350 ts
675 267 678 275 ‘
728 283 838 351 etat.

250 440 415 510 allocutus,
444 441 499 496 sed
526 441 724 497 tardctameu
741 442 832 526 satiat,
860 439 897 495 ad
914 438 1136 511 correptionem
1164 446 1197 495 et
1220 439 1309 508 moui

157 589 160 598 ¹
247 531 371 586 tionem.

285 625 287 630 '
319 621 383 675 Hac
407 621 602 690 ratione·ego
619 619 691 676 mibi
710 621 859 679 satisfacio
885 621 914 676 in
931 619 1138 676 rescindendis
1166 625 1307 674 auteerte

238 705 429 766 ‘innovandis'
449 712 524 766 votis
549 711 711 778 omnibus,
746 711 819 766 ultra
846 727 934 783 quam
957 709 1029 766 nihil
1050 709 1126 766 aliud
1153 723 1309 779 quaeram,

250 802 410 874 quiescens
427 803 455 856 in
473 803 531 858 hac
546 804 705 861 sententia:
729 819 799 857 cum
815 802 865 858 hic
882 801 1135 870 evidentissimum
1154 799 1211 868 sit,
1237 800 1310 870 ejus.

248 891 332 947 modi
348 907 417 947 vota
434 893 576 948 adversus
594 891 683 954 fidem
699 903 728 948 et
746 892 960 962 Evangeliutn,
989 875 1027 946 ut'
1039 891 1173 947 summae
1191 889 1310 942 idoloia.

248 967 339 1052 tria's,
367 985 470 1037 voveri
494 993 523 1038 et
547 984 678 1052 impiari,
705 984 729 1038 si
756 984 855 1038 animo
881 981 952 1038 iiant
975 999 1035 1054 quo
1061 982 1130 1036 dixi.
1166 981 1195 1034 Si
1215 987 1309 1034 autem

165 1135 173 1144 ⁶
210 1099 213 1108 ,
248 1074 349 1130 animo
367 1073 460 1129 iibero
477 1083 507 1128 ct
522 1068 693 1144 evangelico
711 1076 847 1141 voveris,
864 1085 1028 1146 sponteque
1045 1083 1073 1127 te
1091 1087 1218 1128 servum
1235 1071 1311 1126 iece.

248 1179 306 1220 nist
326 1164 443 1235 justum
460 1174 521 1231 est,
546 1175 580 1218 ut
597 1181 700 1220 serves
719 1175 747 1218 et
765 1163 883 1222 solvas:
912 1179 1082 1235 quanquam
1099 1180 1161 1216 non
1178 1177 1310 1216 asseram

210 1319 216 1327 ι
249 1255 451 1324 evangeticum
469 1254 600 1310 annuum
612 1255 672 1310 hoc
684 1254 840 1328 aliquando
853 1269 1016 1324 ausurum,
1034 1263 1083 1310 aut
1093 1235 1200 1306 ausum
1212 1251 1309 1319 fuisse,

248 1345 305 1400 nisi
321 1332 503 1416 tittoeptum.¹

315 1434 404 1490 Mitto
422 1450 514 1508 super
527 1433 586 1502 hqc
604 1452 635 1488 re
652 1435 879 1506 disputationem
892 1433 937 1504 “),
955 1449 1043 1508 quam
1061 1434 1085 1489 si
1102 1433 1191 1490 edere
1208 1434 1308 1502 voles,

170 1537 172 1540 '
250 1525 355 1582 addam
373 1526 562 1582 brevissimas
581 1515 798 1594 resolutiones,
816 1527 970 1582 Ecclesiae
990 1526 1255 1602 Wittembergensi
1272 1529 1310 1582 in.

249 1617 384 1686 scriptas.
423 1616 565 1670 Arbitror
589 1616 688 1682 enirn,
715 1615 795 1670 hanc
816 1617 993 1672 sententiam
1011 1617 1120 1670 claram
1149 1626 1178 1670 et
1196 1615 1309 1669 firmam

248 1709 321 1761 satia
347 1707 377 1760 iu
404 1705 561 1776 Scripturis
589 1704 691 1760 nixam
720 1720 811 1776 posse
838 1705 936 1760 lucem
973 1716 1002 1760 et
1033 1687 1188 1776 pubiicum
1226 1705 1310 1759 susti.

155 1828 159 1842 ι
246 1813 329 1852 nere.
364 1795 445 1852 Nam
471 1795 508 1850 de
530 1795 609 1850 votis
633 1810 709 1866 quac
737 1794 768 1850 iu
794 1794 858 1864 iege
886 1794 1076 1864 scribuntur,
1106 1795 1177 1866 quid
1206 1794 1310 1848 facient

246 1895 353 1942 contra
368 1885 466 1942 haec?
529 1877 531 1880 ¹

312 1975 417 2034 Locus
432 1978 486 2048 iiie
503 1977 588 2034 Pauli
610 1977 648 2033 de
671 1975 767 2032 viduis
791 1975 934 2034 damnatis
953 1984 1114 2047 superest,
1140 1991 1233 2048 quern
1248 1992 1306 2031 non

175 2057 178 2062 ¹
246 2068 341 2140 patiar
357 2068 506 2122 adversari
530 2067 601 2122 huic
618 2067 780 2123 sententiae
797 2067 834 2122 de
850 2065 915 2138 iege
933 2076 964 2122 et
981 2065 1055 2124 iidet
1076 2083 1176 2140 neque
1194 2067 1222 2122 ei
1238 2083 1308 2122 coo.
1352 2089 1353 2102 ¹

205 2205 211 2226 ,
246 2160 370 2226 cedam,
393 2157 490 2228 potius
508 2155 671 2210 obscurum
688 2155 871 2216 confitebor:
899 2165 947 2211 aut
969 2156 1013 2212 sic
1029 2156 1204 2226 intelligam,
1229 2156 1307 2229 quod

245 2250 313 2304 iilae
329 2249 434 2302 viduae
451 2247 580 2300 libertate
599 2245 666 2302 fidei
684 2257 847 2302 voverunt:
872 2265 948 2320 quae
969 2257 1033 2302 tum
1061 2265 1168 2304 recens
1193 2251 1305 2319 cognita

247 2347 325 2404 erat,
348 2335 597 2409 quemadmodum
624 2348 653 2391 et
669 2336 784 2392 Demas
813 2351 841 2394 et
859 2339 894 2393 P.
914 2339 950 2408 ἱ)
965 2338 996 2392 in
1013 2339 1084 2396 Asia
1109 2355 1216 2394 omnes
1243 2357 1304 2394 eum

159 2494 160 2506 χ
235 2427 440 2500 ·t·eliquerunt.
474 2429 515 2481 At
537 2433 675 2482 nostrum
697 2428 802 2497 vulgus
826 2429 932 2498 gentile
954 2429 1062 2498 vulgus
1080 2439 1144 2498 est,
1175 2429 1248 2484 nihii
1273 2431 1306 2484 de

246 2518 305 2574 fide
322 2521 453 2592 uuquam
470 2517 599 2572 doctum.
633 2517 683 2573 Tu
712 2520 782 2590 quid
799 2519 980 2592 superhaec
998 2521 1105 2576 sentias
1128 2529 1158 2576 et
1169 2521 1305 2594 judices,

246 2609 388 2670 rescribe.
423 2609 505 2665 Nam
516 2609 579 2678 jam
598 2609 668 2663 oiim
686 2608 786 2664 detrita
810 2609 886 2664 haec
903 2608 957 2663 tibi
973 2609 1108 2669 arbitror.

314 2698 419 2768 Arguit
443 2698 530 2767 etiam
554 2684 694 2752 votorum
713 2699 880 2767 stultitiam,
907 2699 987 2770 quod
1014 2711 1168 2772 paupertas
1192 2711 1221 2756 et
1239 2701 1307 2758 obe.

248 2787 354 2846 dientia
371 2800 514 2855 vovetur,
533 2805 609 2860 quae
629 2789 702 2842 duae
720 2803 769 2844 res
788 2798 835 2844 aut
853 2787 937 2843 iictae
955 2801 1043 2858 sunt,
1071 2801 1120 2846 aut
1136 2792 1238 2846 solum
1255 2809 1307 2864 pro

246 2881 346 2951 pueris
374 2879 502 2950 primum
524 2879 691 2934 erudiendis
715 2880 868 2949 quondam
884 2879 1050 2948 institutae,
1078 2893 1111 2936 ut
1135 2881 1308 2939 universum
1349 2887 1350 2924 i

246 2971 380 3025 vovendi
405 2971 554 3039 negotium
582 2968 726 3042 quaedam
754 2969 929 3039 paedagogia
956 2971 1090 3025 videatur
1114 2973 1227 3040 misse,
1251 2973 1307 3028 sub

248 3075 339 3131 quam
355 3059 546 3114 infirmiorem
564 3071 688 3114 aetatem
705 3059 888 3114 custodirent
900 3062 994 3130 pueri.
1029 3061 1119 3116 Nunc
1130 3065 1307 3118 univocam

248 3161 279 3206 et
295 3152 325 3206 in
343 3159 540 3221 perpetuum,
557 3165 633 3220 quos
652 3150 714 3204 aliis
731 3147 883 3208 charitatis
902 3149 1003 3206 officiis
1021 3152 1132 3206 servire
1150 3157 1290 3223 oportuit.

217 3274 222 3285 ·
316 3239 395 3316 Quid
414 3242 648 3317 igiturpsumne
673 3249 702 3294 et
726 3239 789 3309 ipse
802 3240 865 3310 jam
885 3239 958 3296 iiber
982 3251 1011 3295 et
1033 3259 1094 3296 nou
1118 3244 1306 3303 monachus?

245 3329 418 3404 Cogitasite,
435 3341 466 3385 ut
484 3330 535 3385 fias
552 3331 624 3384 mihi
636 3331 766 3398 Demea,
784 3339 814 3385 et
831 3331 950 3388 Mitioui
965 3331 1169 3392 huietandem
1180 3335 1305 3408 aliquam

298 3523 320 3568 t)
335 3517 474 3576 Phygellus,
477 3515 654 3574 itermoaeuee
662 3545 670 3571 ,
685 3523 723 3562 atat
736 3515 818 3564 ΜΝ
832 3517 871 3570 im
884 3516 963 3564 durii.

249 3615 445 3630 βα*

299 3673 322 3724 ·>
336 3671 462 3728 Episcopia
481 3674 506 3718 et
518 3663 634 3716 Diaconis
647 3669 771 3716 Ecclesiae
784 3670 1006 3731 Wittenbergenria
1030 3675 1060 3724 de
1077 3681 1139 3726 voto
1160 3679 1303 3738 religionum

249 3744 425 3802 disputantibus
440 3745 510 3790 Mart.
525 3741 742 3792 Luiherus'scrvus
756 3743 816 3791 haec
830 3747 911 3794 mittit.
938 3749 1037 3796 vttet.
1052 3752 1069 3797 1.
1083 3753 1122 3802 Ji
1150 3754 1206 3802 Jen
1229 3757 1240 3801 Ι
1263 3761 1302 3806 tiu

250 3818 312 3869 itud
326 3815 559 3872 taratarantium
579 3821 649 3864 uattr
661 3820 711 3864 trin
724 3819 802 3868 catu:
824 3820 943 3868 iudicium
957 3823 990 3869 Μ.
1003 3824 1029 3874 L.
1045 3827 1074 3872 de
1087 3825 1168 3882 votis,
1192 3831 1303 3887 scriptun

219 3901 229 3916 ¹
249 3893 280 3939 td
298 3890 434 3950 Episcopus
453 3893 478 3936 et
496 3889 618 3936 Diaconos
636 3889 782 3947 wideberg.
804 3891 935 3940 Ecclesiae.
962 3896 1061 3948 vitet.
1082 3901 1137 3956 1521.
1151 3904 1171 3952 4.
1207 3903 1304 3958 &tutto

250 3965 340 4026 datia
352 3965 385 4016 ι
399 3966 443 4014 tta,
469 3963 560 4024 attat
573 3961 649 4012 xvii.
662 3961 708 4012 tit.
735 3963 829 4016 muta
843 3965 906 4015 xtx.
921 3969 979 4018 tiit.
