2676 4574
118 547 132 582 t

256 263 318 336 260
554 305 557 312 =
738 275 828 342 tata.

228 426 491 502 statuminum.
526 425 648 492 uteret!
670 427 703 497 te
728 443 766 490 nu
790 434 839 490 tat
860 429 934 494 urit
957 425 1105 493 uirtuti
1129 424 1159 495 ia
1178 421 1286 494 taus

254 519 304 576 diti
319 516 360 586 Sa
377 518 518 586 tenuitas
535 519 630 580 utum
648 520 681 586 tlt
692 525 775 580 tituta
787 527 819 581 ia
830 523 923 586 tritu
958 523 1007 580 Sic
1025 529 1132 594 posset
1149 521 1206 574 dici
1217 521 1285 589 juxta

247 623 361 662 corum
378 609 529 666 stultitiam
547 611 713 666 secundum
730 613 946 684 Hieronymum
963 612 1111 666 dicentem
1129 611 1204 675 (ad)
1223 608 1283 664 itu

252 696 331 752 thaei
342 699 459 766 xxiii,
472 699 550 766 (3⁵):
578 701 668 768 „Hoc
685 700 722 756 de
739 697 900 774 scripturis
917 701 1106 764 autoritatem
1121 715 1184 756 nou
1200 697 1283 766 habet,

251 785 319 843 ideo
342 805 376 844 ea
399 789 534 858 facilitate
555 791 771 860 contemnitur,
794 808 854 864 qua
876 791 1061 864 probatur:”
1090 789 1160 862 quia
1183 787 1283 852 attffiuit,

250 877 333 950 quod
349 896 411 946 non
428 879 534 934 habeat
546 880 730 942 autoritatem
743 882 961 954 scripturarum
972 881 1002 938 in
1013 880 1214 948 contrarium,
1229 893 1283 946 ergo

250 977 297 1022 est
307 967 508 1024 asserendum.
544 968 635 1044 Quid,
648 970 790 1037 obsecro,
802 980 871 1026 tunc
884 987 946 1026 non
958 979 1058 1043 puteat
1071 967 1282 1040 asseruqumdo

247 1055 310 1112 hoc
328 1057 400 1113 satis
425 1067 471 1114 est
493 1058 593 1120 dicere
618 1061 647 1113 in
671 1059 739 1116 lidei
763 1058 908 1116 articulis:
935 1076 996 1116 non
1020 1069 1068 1116 est
1093 1060 1124 1116 in
1148 1057 1284 1128 Scriptum

249 1147 421 1220 oppositum
438 1149 610 1225 exemplum
627 1149 856 1220 particulariter,
873 1165 945 1204 cum
955 1147 1111 1204 Dominus
1123 1147 1195 1204 velit
1205 1145 1282 1202 unda

248 1247 332 1292 certo
350 1253 406 1292 suo
423 1238 517 1293 verbo
534 1235 642 1294 firmari
665 1237 774 1304 nobis,
799 1249 829 1294 et
845 1239 909 1296 aine
932 1239 1028 1294 verbo
1050 1255 1109 1296 auo
1127 1237 1221 1294 nihil?
1249 1235 1282 1290 tt

234 1342 348 1381 emores
366 1327 504 1398 politicos
522 1327 598 1382 bene
615 1327 775 1384 admittitur
790 1328 846 1384 ista
863 1327 955 1395 ratio,
971 1328 1025 1384 sed
1038 1345 1102 1384 non
1113 1327 1150 1382 ad
1162 1325 1280 1382 articulus

246 1416 324 1472 fidei.
359 1417 498 1476 stetere
517 1419 613 1474 fertur
629 1417 765 1477 Caesaris
782 1417 878 1474 nostri
904 1429 934 1474 et
950 1419 1142 1490 Principum,
1155 1416 1281 1489 potentia¹

247 1507 333 1564 ctiam
350 1509 377 1562 ei
392 1507 541 1580 Scriptura
557 1508 594 1563 de
611 1507 677 1580 ipso
696 1519 725 1564 et
742 1508 829 1564 nobis
846 1508 921 1564 nihil
938 1509 1025 1564 dicat.
1058 1508 1136 1564 Non
1151 1507 1195 1562 sic
1209 1507 1235 1560 la
1249 1521 1281 1557 ar.

233 1598 343 1653 'ticulis
362 1596 427 1668 fidei
436 1638 445 1666 ,
462 1598 514 1654 ubi
530 1597 699 1654 affimativa
717 1599 866 1670 probanda
881 1609 945 1666 est,
957 1608 993 1670 ¹ut
1003 1615 1104 1670 neque
1120 1598 1156 1652 ad
1168 1583 1280 1652 dextrua

243 1689 394 1760 nequead
412 1687 750 1745 sinistram'declinetur.
784 1689 922 1759 Summa,
938 1689 983 1744 sic
1000 1701 1110 1743 omnes
1128 1686 1280 1744 iratresiru.

244 1787 305 1833 stra
322 1759 511 1847 doculse'enr,
534 1777 653 1850 quando
671 1778 768 1832 omnia
786 1794 840 1846 per
856 1777 1018 1848 Scripturas
1040 1777 1208 1833 noluissent
1227 1793 1277 1846 pru

242 1867 317 1924 bari.
360 1869 441 1924 Siout
467 1867 650 1938 Augustinus
676 1866 749 1921 dicit
775 1867 809 1920 ad
835 1866 1051 1939 Hieronymum
1079 1866 1182 1939 Epist.
1206 1861 1277 1920 vili:

242 1959 340 2028 „Solis
360 1958 402 2014 eis
419 1958 519 2024 libris,
535 1975 556 2029 q
578 1956 585 1970 ’
604 1956 740 2012 canonici
758 1957 956 2028 appellantur,
979 1957 1062 2012 hunc
1079 1957 1227 2012 honorem
1241 1955 1276 2008 tri

242 2047 321 2116 buo,
341 2056 374 2102 ut
389 2047 502 2102 atilium
521 2057 698 2117 scriptorem
716 2060 821 2110 eorum
838 2059 954 2100 errasse
972 2044 1144 2100 firmissime
1163 2043 1277 2100 credam:

242 2149 379 2192 caeteros
395 2152 468 2191 vero
485 2153 547 2190 non
564 2137 602 2190 ita
617 2137 703 2205 lego,
729 2135 910 2208 quantalibet
926 2135 1062 2192 doctrina
1079 2137 1133 2197 vel
1149 2134 1277 2192 sancdtate

240 2227 458 2301 praepolleant,
481 2237 515 2282 ut
532 2225 600 2283 ideo
616 2207 728 2288 u'eruru¹
740 2241 807 2282 esse
823 2225 963 2294 credam,
989 2225 1057 2298 quia
1074 2226 1124 2282 sic
1143 2225 1183 2292 illi
1200 2239 1277 2280 sense.

242 2329 328 2385 runt,
346 2319 397 2372 eed
415 2317 441 2372 si
458 2315 531 2372 milri
547 2333 602 2388 per
619 2317 802 2390 Scripturas,
822 2327 871 2374 sut
888 2317 1034 2388 probabili
1052 2317 1169 2372 ratione
1182 2330 1276 2387 persua.

242 2391 523 2480 deri'potuerunt,”
542 2415 599 2462 etc.
632 2405 716 2473 Imo,
733 2405 867 2460 dicerent
882 2405 1064 2462 Minoritae:
1088 2407 1196 2462 credes
1212 2403 1275 2472 ideo,

230 2498 309 2572 ·quia
326 2513 387 2552 non
403 2493 530 2569 probant
540 2495 594 2552 tibi
608 2512 662 2567 per
674 2495 837 2568 Scripturas
851 2505 899 2550 aut
911 2495 1056 2552 rationes:
1074 2496 1201 2566 sufficit,
1216 2491 1276 2568 quod

230 2607 304 2647 -non
320 2587 432 2644 habent
447 2601 544 2658 neque
560 2602 616 2658 pro
633 2601 731 2656 neque
749 2595 863 2642 contra.
881 2584 909 2653 *)
944 2585 1026 2662 Quid
1042 2597 1134 2658 putas
1154 2599 1218 2642 tunc
1231 2587 1275 2639 tu

240 2679 393 2753 gustinum
411 2677 647 2750 responsurum?
682 2677 818 2744 Summa,
835 2692 909 2746 urge
926 2691 981 2732 eos
997 2693 1052 2748 per
1067 2675 1150 2738 hoc:
1168 2676 1275 2748 negativa

239 2787 302 2827 non
321 2769 480 2840 probatur,
498 2765 667 2822 affirmativa
684 2766 773 2823 debet
789 2765 909 2838 probari
918 2804 929 2833 ,
947 2776 976 2823 at
992 2769 1112 2838 postula
1126 2770 1274 2840 Scripturas,

241 2874 315 2932 quas
332 2855 684 2922 nondum'adduxerunt,
709 2863 758 2909 aut
782 2871 836 2910 eos
853 2857 975 2924 duuua,
1001 2857 1083 2912 aicut
1100 2857 1225 2930 coepisti
1238 2870 1275 2928 pet

227 2950 328 3026 illud:
346 2947 422 3004 nihil
440 2957 485 3002 est
501 2943 694 3002 asser‘eudum
712 2956 771 3000 etc.

307 3039 354 3094 Ad
372 3037 540 3102 secundum
556 3036 636 3108 quod
652 3034 794 3092 Ecclesia
812 3033 851 3090 sit
864 3035 1025 3102 audienda,
1043 3034 1080 3091 de
1097 3037 1161 3094 hoc
1177 3044 1275 3092 nonest

242 3129 394 3202 quaestio:
423 3126 474 3181 sed
493 3142 529 3182 aa
546 3125 594 3180 illa
611 3125 648 3180 sit
664 3124 819 3190 Ecclesia,
837 3141 925 3196 quam
943 3125 982 3182 illi
1000 3139 1109 3182 vocam
1125 3127 1273 3200 Episcopus

241 3231 272 3276 ct
287 3211 410 3276 Patres:
430 3216 494 3272 hoc
511 3233 585 3286 nega
602 3224 632 3270 et
649 3215 736 3285 exige
754 3215 977 3286 probationem.'

307 3307 447 3364 Ecclesia
465 3317 512 3364 est
529 3307 629 3362 solum
646 3306 711 3374 illa,
728 3321 804 3377 quae
822 3304 948 3370 verbum
964 3305 1027 3374 Dei
1043 3295 1135 3364 habet
1153 3315 1181 3362 et
1192 3308 1272 3372 docet,
1312 3303 1313 3306 ’

193 3427 198 3450 t
242 3411 271 3456 et
286 3400 361 3456 rtihil
379 3399 466 3453 addit.
500 3398 590 3452 Joan.
607 3397 651 3450 X:
687 3395 765 3450 Oves
788 3411 876 3448 meae
898 3411 1001 3450 uocem
1022 3414 1128 3454 meam
1144 3399 1273 3462 audiunt,

238 3493 382 3548 alimum
409 3495 515 3544 autem
538 3503 604 3546 tacu
633 3485 786 3553 audiunt,
815 3485 872 3542 sed
890 3485 1032 3560 saepiunt
1058 3487 1100 3544 ab
1129 3507 1175 3546 ao.
1212 3489 1272 3544 llaec

288 3745 312 3796 u
330 3737 442 3788 uitas
456 3738 613 3793 accerserunt
627 3742 672 3782 tuta
686 3735 736 3780 imo
750 3744 795 3784 aa,
818 3735 844 3787 ta
858 3717 939 3790 tritu:
965 3737 1198 3790 patientiarum
1209 3735 1269 3788 nun

238 3815 289 3864 tiu
303 3818 385 3868 suptar
403 3811 454 3858 uti
473 3809 501 3861 su
518 3811 609 3856 tutttttt.
635 3806 740 3859 &liutet
758 3808 862 3858 traiano
882 3809 985 3858 titarttt
998 3819 1028 3856 aa
1041 3811 1101 3867 ut.)
1121 3809 1176 3866 tofi,
1193 3805 1270 3856 nata

238 3889 290 3938 tua>
304 3885 439 3944 iniereat
452 3883 525 3930 utura
538 3883 582 3930 cut
595 3882 634 3929 ιιι
645 3879 752 3934 &dictita
773 3881 826 3931 nott
846 3881 891 3926 uttt
904 3881 1017 3932 titiam
1036 3881 1159 3935 inmetata,
1176 3885 1200 3930 et
1215 3889 1268 3937 nnat

155 3999 158 4005 .
237 3957 400 4030 testemur
412 3965 456 4015 nat
468 3955 542 4008 ututt
555 3955 629 4022 tactu
642 3963 684 4004 aar
697 3953 737 4012 tu
750 3953 804 4005 trau
817 3955 888 4004 uisu
901 3955 952 4008 tad
966 3955 1187 4022 militantium.
