<?xml version="1.0" encoding="UTF-8"?>
<!DOCTYPE html PUBLIC "-//W3C//DTD XHTML 1.0 Transitional//EN"
    "http://www.w3.org/TR/xhtml1/DTD/xhtml1-transitional.dtd">
<html xmlns="http://www.w3.org/1999/xhtml" xml:lang="en" lang="en">
 <head>
  <title>
</title>
<meta http-equiv="Content-Type" content="text/html;charset=utf-8" />
  <meta name='ocr-system' content='tesseract 3.04.00' />
  <meta name='ocr-capabilities' content='ocr_page ocr_carea ocr_par ocr_line ocrx_word'/>
</head>
<body>
  <div class='ocr_page' id='page_1' title='image "./briefesendschre09luthgoog/briefesendschre09luthgoog_0216.png"; bbox 0 0 2672 4568; ppageno 0'>
   <div class='ocr_carea' id='block_1_1' title="bbox 515 213 1085 332">
    <p class='ocr_par' dir='ltr' id='par_1_1' title="bbox 515 213 1085 332">
     <span class='ocr_line' id='line_1_1' title="bbox 515 213 1085 332; baseline 0.011 -10"><span class='ocrx_word' id='word_1_1' title='bbox 515 223 658 328; x_wconf 51' lang='lat'><strong>1522(</strong></span> <span class='ocrx_word' id='word_1_2' title='bbox 831 213 834 224; x_wconf 67' lang='grc'><strong><em>’</em></strong></span> <span class='ocrx_word' id='word_1_3' title='bbox 1026 254 1085 332; x_wconf 80' lang='lat' dir='ltr'>stt</span> 
     </span>
    </p>
   </div>
   <div class='ocr_carea' id='block_1_2' title="bbox 36 409 1084 757">
    <p class='ocr_par' dir='ltr' id='par_1_2' title="bbox 36 409 1084 757">
     <span class='ocr_line' id='line_1_2' title="bbox 39 409 1084 486; baseline 0 -17"><span class='ocrx_word' id='word_1_4' title='bbox 39 433 94 469; x_wconf 80' lang='lat' dir='ltr'>mea</span> <span class='ocrx_word' id='word_1_5' title='bbox 111 413 148 470; x_wconf 85' lang='lat' dir='ltr'>ab</span> <span class='ocrx_word' id='word_1_6' title='bbox 167 416 232 470; x_wconf 84' lang='lat' dir='ltr'>aula</span> <span class='ocrx_word' id='word_1_7' title='bbox 249 409 416 484; x_wconf 76' lang='lat' dir='ltr'>abhorreo,</span> <span class='ocrx_word' id='word_1_8' title='bbox 433 431 524 486; x_wconf 81' lang='lat' dir='ltr'>quare</span> <span class='ocrx_word' id='word_1_9' title='bbox 541 435 600 472; x_wconf 90' lang='lat' dir='ltr'>non</span> <span class='ocrx_word' id='word_1_10' title='bbox 614 416 668 472; x_wconf 89' lang='lat' dir='ltr'>erit</span> <span class='ocrx_word' id='word_1_11' title='bbox 685 417 795 486; x_wconf 79' lang='lat' dir='ltr'>ingrata</span> <span class='ocrx_word' id='word_1_12' title='bbox 813 416 948 482; x_wconf 80' lang='lat' dir='ltr'><strong>occasio,</strong></span> <span class='ocrx_word' id='word_1_13' title='bbox 966 417 990 472; x_wconf 89' lang='lat' dir='ltr'>si</span> <span class='ocrx_word' id='word_1_14' title='bbox 1007 433 1084 472; x_wconf 90' lang='lat' dir='ltr'>nun.</span> 
     </span>
     <span class='ocr_line' id='line_1_3' title="bbox 38 505 1084 578; baseline 0 -20"><span class='ocrx_word' id='word_1_15' title='bbox 38 524 117 578; x_wconf 79' lang='lat' dir='ltr'>quem</span> <span class='ocrx_word' id='word_1_16' title='bbox 143 507 310 576; x_wconf 71' lang='lat' dir='ltr'>oportuerit</span> <span class='ocrx_word' id='word_1_17' title='bbox 331 507 378 559; x_wconf 83' lang='lat' dir='ltr'>vel</span> <span class='ocrx_word' id='word_1_18' title='bbox 404 505 496 560; x_wconf 88' lang='lat' dir='ltr'>literis</span> <span class='ocrx_word' id='word_1_19' title='bbox 521 507 551 560; x_wconf 90' lang='lat' dir='ltr'>in</span> <span class='ocrx_word' id='word_1_20' title='bbox 569 525 602 560; x_wconf 84' lang='lat' dir='ltr'>ea</span> <span class='ocrx_word' id='word_1_21' title='bbox 621 508 741 562; x_wconf 88' lang='lat' dir='ltr'>versari.</span> <span class='ocrx_word' id='word_1_22' title='bbox 777 507 891 562; x_wconf 79' lang='lat' dir='ltr'>Literas</span> <span class='ocrx_word' id='word_1_23' title='bbox 918 505 1084 574; x_wconf 88' lang='lat' dir='ltr'>Mirischii,</span> 
     </span>
     <span class='ocr_line' id='line_1_4' title="bbox 37 594 1083 672; baseline 0.003 -24"><span class='ocrx_word' id='word_1_24' title='bbox 37 595 251 666; x_wconf 79' lang='lat' dir='ltr'>prudentissimi</span> <span class='ocrx_word' id='word_1_25' title='bbox 270 603 435 664; x_wconf 81' lang='lat' dir='ltr'>apostatae,</span> <span class='ocrx_word' id='word_1_26' title='bbox 461 594 533 665; x_wconf 79' lang='lat' dir='ltr'>legi:</span> <span class='ocrx_word' id='word_1_27' title='bbox 561 605 591 649; x_wconf 87' lang='lat' dir='ltr'>et</span> <span class='ocrx_word' id='word_1_28' title='bbox 607 605 747 672; x_wconf 77' lang='lat' dir='ltr'>quantum</span> <span class='ocrx_word' id='word_1_29' title='bbox 770 597 806 649; x_wconf 88' lang='lat' dir='ltr'>de</span> <span class='ocrx_word' id='word_1_30' title='bbox 824 596 981 650; x_wconf 79' lang='lat' dir='ltr'>miserabili</span> <span class='ocrx_word' id='word_1_31' title='bbox 999 597 1083 667; x_wconf 87' lang='lat' dir='ltr'>lapsu</span> 
     </span>
     <span class='ocr_line' id='line_1_5' title="bbox 36 679 991 757; baseline 0.001 -18"><span class='ocrx_word' id='word_1_32' title='bbox 36 686 138 740; x_wconf 84' lang='lat' dir='ltr'>lacobi</span> <span class='ocrx_word' id='word_1_33' title='bbox 149 679 264 752; x_wconf 67' lang='lat' dir='ltr'>doleo,</span> <span class='ocrx_word' id='word_1_34' title='bbox 281 694 395 740; x_wconf 85' lang='lat' dir='ltr'>tantum</span> <span class='ocrx_word' id='word_1_35' title='bbox 412 683 503 755; x_wconf 87' lang='lat' dir='ltr'>hujus</span> <span class='ocrx_word' id='word_1_36' title='bbox 521 685 590 740; x_wconf 83' lang='lat' dir='ltr'>fuco</span> <span class='ocrx_word' id='word_1_37' title='bbox 608 685 781 757; x_wconf 85' lang='lat' dir='ltr'>impiissimo</span> <span class='ocrx_word' id='word_1_38' title='bbox 798 687 943 755; x_wconf 82' lang='lat' dir='ltr'>indignor.</span> <span class='ocrx_word' id='word_1_39' title='bbox 962 684 991 754; x_wconf 72' lang='lat'>⁴)</span> 
     </span>
    </p>
   </div>
   <div class='ocr_carea' id='block_1_3' title="bbox 89 831 1082 905">
    <p class='ocr_par' dir='ltr' id='par_1_3' title="bbox 89 831 1082 905">
     <span class='ocr_line' id='line_1_6' title="bbox 89 831 1082 905; baseline 0.003 -18"><span class='ocrx_word' id='word_1_40' title='bbox 89 831 262 904; x_wconf 73' lang='lat' dir='ltr'><strong>Prophetas</strong></span> <span class='ocrx_word' id='word_1_41' title='bbox 289 832 362 887; x_wconf 88' lang='lat' dir='ltr'>istos</span> <span class='ocrx_word' id='word_1_42' title='bbox 379 849 476 888; x_wconf 84' lang='lat' dir='ltr'>noros</span> <span class='ocrx_word' id='word_1_43' title='bbox 493 847 600 905; x_wconf 87' lang='lat' dir='ltr'>passus</span> <span class='ocrx_word' id='word_1_44' title='bbox 618 849 705 898; x_wconf 79' lang='lat' dir='ltr'>sitm,</span> <span class='ocrx_word' id='word_1_45' title='bbox 734 843 761 887; x_wconf 90' lang='lat' dir='ltr'>et</span> <span class='ocrx_word' id='word_1_46' title='bbox 777 834 915 890; x_wconf 71' lang='lat' dir='ltr'>inventus</span> <span class='ocrx_word' id='word_1_47' title='bbox 934 843 979 888; x_wconf 88' lang='lat' dir='ltr'>est</span> <span class='ocrx_word' id='word_1_48' title='bbox 996 832 1082 890; x_wconf 83' lang='lat' dir='ltr'>Satan</span> 
     </span>
    </p>
   </div>
   <div class='ocr_carea' id='block_1_4' title="bbox 36 914 1215 1004">
    <p class='ocr_par' dir='ltr' id='par_1_4' title="bbox 36 914 1215 1004">
     <span class='ocr_line' id='line_1_7' title="bbox 36 914 1215 1004; baseline 0.003 -27"><span class='ocrx_word' id='word_1_49' title='bbox 36 939 95 977; x_wconf 88' lang='lat' dir='ltr'>sese</span> <span class='ocrx_word' id='word_1_50' title='bbox 118 924 325 1004; x_wconf 79' lang='lat' dir='ltr'>permerdasse</span> <span class='ocrx_word' id='word_1_51' title='bbox 352 925 380 979; x_wconf 91' lang='lat' dir='ltr'>in</span> <span class='ocrx_word' id='word_1_52' title='bbox 409 925 549 996; x_wconf 73' lang='lat' dir='ltr'>sapientia</span> <span class='ocrx_word' id='word_1_53' title='bbox 566 939 633 980; x_wconf 81' lang='lat' dir='ltr'>sua:</span> <span class='ocrx_word' id='word_1_54' title='bbox 663 924 856 980; x_wconf 79' lang='lat' dir='ltr'>veliementer</span> <span class='ocrx_word' id='word_1_55' title='bbox 880 925 1028 995; x_wconf 87' lang='lat' dir='ltr'>superbus</span> <span class='ocrx_word' id='word_1_56' title='bbox 1053 935 1099 980; x_wconf 86' lang='lat' dir='ltr'>et.</span> <span class='ocrx_word' id='word_1_57' title='bbox 1156 914 1166 928; x_wconf 43' lang='lat'>&#39;¹</span> <span class='ocrx_word' id='word_1_58' title='bbox 1208 951 1215 966; x_wconf 60' lang='grc' dir='ltr'><em>ι</em></span> 
     </span>
    </p>
   </div>
   <div class='ocr_carea' id='block_1_5' title="bbox 32 1011 1149 2150">
    <p class='ocr_par' dir='ltr' id='par_1_5' title="bbox 32 1011 1149 2150">
     <span class='ocr_line' id='line_1_8' title="bbox 36 1011 1083 1087; baseline 0.006 -21"><span class='ocrx_word' id='word_1_59' title='bbox 36 1015 246 1084; x_wconf 77' lang='lat' dir='ltr'>impatiensest</span> <span class='ocrx_word' id='word_1_60' title='bbox 262 1011 318 1070; x_wconf 85' lang='lat' dir='ltr'>iste</span> <span class='ocrx_word' id='word_1_61' title='bbox 335 1016 455 1087; x_wconf 87' lang='lat' dir='ltr'>spiritus</span> <span class='ocrx_word' id='word_1_62' title='bbox 469 1031 574 1070; x_wconf 89' lang='lat' dir='ltr'>eorum</span> <span class='ocrx_word' id='word_1_63' title='bbox 584 1056 594 1084; x_wconf 87' lang='lat'>,</span> <span class='ocrx_word' id='word_1_64' title='bbox 611 1015 660 1086; x_wconf 90' lang='lat' dir='ltr'>qui</span> <span class='ocrx_word' id='word_1_65' title='bbox 678 1032 734 1070; x_wconf 87' lang='lat' dir='ltr'>nec</span> <span class='ocrx_word' id='word_1_66' title='bbox 750 1015 870 1072; x_wconf 87' lang='lat' dir='ltr'>blandas</span> <span class='ocrx_word' id='word_1_67' title='bbox 888 1017 964 1070; x_wconf 84' lang='lat' dir='ltr'>ferre</span> <span class='ocrx_word' id='word_1_68' title='bbox 984 1025 1083 1085; x_wconf 87' lang='lat' dir='ltr'>potest</span> 
     </span>
     <span class='ocr_line' id='line_1_9' title="bbox 34 1103 1085 1176; baseline 0.003 -19"><span class='ocrx_word' id='word_1_69' title='bbox 34 1105 227 1170; x_wconf 78' lang='lat' dir='ltr'>monitiones,</span> <span class='ocrx_word' id='word_1_70' title='bbox 247 1108 301 1164; x_wconf 88' lang='lat' dir='ltr'>sed</span> <span class='ocrx_word' id='word_1_71' title='bbox 319 1107 399 1159; x_wconf 85' lang='lat' dir='ltr'>credi</span> <span class='ocrx_word' id='word_1_72' title='bbox 415 1103 481 1160; x_wconf 85' lang='lat' dir='ltr'>vult</span> <span class='ocrx_word' id='word_1_73' title='bbox 494 1107 581 1176; x_wconf 88' lang='lat' dir='ltr'>plena</span> <span class='ocrx_word' id='word_1_74' title='bbox 598 1105 750 1160; x_wconf 77' lang='lat' dir='ltr'>autoritate</span> <span class='ocrx_word' id='word_1_75' title='bbox 768 1105 803 1158; x_wconf 88' lang='lat' dir='ltr'>ad</span> <span class='ocrx_word' id='word_1_76' title='bbox 821 1106 945 1176; x_wconf 81' lang='lat' dir='ltr'>primam</span> <span class='ocrx_word' id='word_1_77' title='bbox 963 1121 1085 1172; x_wconf 88' lang='lat' dir='ltr'>vocem,</span> 
     </span>
     <span class='ocr_line' id='line_1_10' title="bbox 34 1193 1083 1266; baseline 0.002 -18"><span class='ocrx_word' id='word_1_78' title='bbox 34 1211 85 1248; x_wconf 87' lang='lat' dir='ltr'>nec</span> <span class='ocrx_word' id='word_1_79' title='bbox 101 1195 266 1264; x_wconf 79' lang='lat' dir='ltr'>disputare,</span> <span class='ocrx_word' id='word_1_80' title='bbox 283 1211 341 1250; x_wconf 87' lang='lat' dir='ltr'>nec</span> <span class='ocrx_word' id='word_1_81' title='bbox 359 1193 497 1250; x_wconf 83' lang='lat' dir='ltr'>reluctari</span> <span class='ocrx_word' id='word_1_82' title='bbox 514 1210 693 1266; x_wconf 76' lang='lat' dir='ltr'>qttetnquam</span> <span class='ocrx_word' id='word_1_83' title='bbox 711 1194 825 1250; x_wconf 82' lang='lat' dir='ltr'>rolens.</span> <span class='ocrx_word' id='word_1_84' title='bbox 861 1193 925 1262; x_wconf 78' lang='lat' dir='ltr'>Ego</span> <span class='ocrx_word' id='word_1_85' title='bbox 935 1235 944 1264; x_wconf 92' lang='lat'>‚</span> <span class='ocrx_word' id='word_1_86' title='bbox 963 1197 1083 1266; x_wconf 84' lang='lat' dir='ltr'>quando</span> 
     </span>
     <span class='ocr_line' id='line_1_11' title="bbox 34 1283 1081 1356; baseline 0 -18"><span class='ocrx_word' id='word_1_87' title='bbox 34 1285 67 1338; x_wconf 86' lang='lat' dir='ltr'>ita</span> <span class='ocrx_word' id='word_1_88' title='bbox 92 1285 258 1356; x_wconf 82' lang='lat' dir='ltr'>pertinaces</span> <span class='ocrx_word' id='word_1_89' title='bbox 283 1295 383 1351; x_wconf 85' lang='lat' dir='ltr'>erant,</span> <span class='ocrx_word' id='word_1_90' title='bbox 415 1283 500 1338; x_wconf 82' lang='lat' dir='ltr'>etiam</span> <span class='ocrx_word' id='word_1_91' title='bbox 526 1284 684 1338; x_wconf 86' lang='lat' dir='ltr'>mendaciis</span> <span class='ocrx_word' id='word_1_92' title='bbox 701 1283 864 1338; x_wconf 77' lang='lat' dir='ltr'>manifestis</span> <span class='ocrx_word' id='word_1_93' title='bbox 883 1285 1081 1356; x_wconf 84' lang='lat' dir='ltr'>deprehendi,</span> 
     </span>
     <span class='ocr_line' id='line_1_12' title="bbox 34 1371 1083 1464; baseline -0.001 -37"><span class='ocrx_word' id='word_1_94' title='bbox 34 1385 61 1427; x_wconf 86' lang='lat' dir='ltr'>et</span> <span class='ocrx_word' id='word_1_95' title='bbox 72 1374 185 1464; x_wconf 67' lang='lat' dir='ltr'>pniscra</span> <span class='ocrx_word' id='word_1_96' title='bbox 203 1371 366 1428; x_wconf 87' lang='lat' dir='ltr'>verborum</span> <span class='ocrx_word' id='word_1_97' title='bbox 384 1371 545 1445; x_wconf 68' lang='lat' dir='ltr'>lubricitate</span> <span class='ocrx_word' id='word_1_98' title='bbox 565 1373 691 1428; x_wconf 83' lang='lat' dir='ltr'>eradere</span> <span class='ocrx_word' id='word_1_99' title='bbox 710 1373 883 1440; x_wconf 86' lang='lat' dir='ltr'>molientes,</span> <span class='ocrx_word' id='word_1_100' title='bbox 911 1385 942 1428; x_wconf 95' lang='lat' dir='ltr'>ut</span> <span class='ocrx_word' id='word_1_101' title='bbox 960 1391 1083 1447; x_wconf 87' lang='lat' dir='ltr'>serpen.</span> 
     </span>
     <span class='ocr_line' id='line_1_13' title="bbox 34 1462 1084 1536; baseline 0.001 -20"><span class='ocrx_word' id='word_1_102' title='bbox 34 1475 89 1517; x_wconf 90' lang='lat' dir='ltr'>tem</span> <span class='ocrx_word' id='word_1_103' title='bbox 107 1463 259 1534; x_wconf 86' lang='lat' dir='ltr'>antiquum</span> <span class='ocrx_word' id='word_1_104' title='bbox 277 1476 474 1531; x_wconf 79' lang='lat' dir='ltr'>agnosceres,</span> <span class='ocrx_word' id='word_1_105' title='bbox 498 1462 577 1532; x_wconf 88' lang='lat' dir='ltr'>jussi</span> <span class='ocrx_word' id='word_1_106' title='bbox 599 1463 716 1516; x_wconf 81' lang='lat' dir='ltr'>taiidem</span> <span class='ocrx_word' id='word_1_107' title='bbox 726 1501 736 1530; x_wconf 93' lang='lat'>,</span> <span class='ocrx_word' id='word_1_108' title='bbox 762 1473 793 1516; x_wconf 92' lang='lat' dir='ltr'>ut</span> <span class='ocrx_word' id='word_1_109' title='bbox 809 1463 959 1518; x_wconf 87' lang='lat' dir='ltr'>miraculis</span> <span class='ocrx_word' id='word_1_110' title='bbox 975 1465 1084 1536; x_wconf 88' lang='lat' dir='ltr'>proba.</span> 
     </span>
     <span class='ocr_line' id='line_1_14' title="bbox 34 1553 1149 1626; baseline 0 -20"><span class='ocrx_word' id='word_1_111' title='bbox 34 1565 93 1608; x_wconf 84' lang='lat' dir='ltr'>rent</span> <span class='ocrx_word' id='word_1_112' title='bbox 112 1571 195 1608; x_wconf 80' lang='lat' dir='ltr'>suam</span> <span class='ocrx_word' id='word_1_113' title='bbox 215 1553 393 1619; x_wconf 85' lang='lat' dir='ltr'>doctrinam,</span> <span class='ocrx_word' id='word_1_114' title='bbox 419 1568 475 1622; x_wconf 80' lang='lat' dir='ltr'>qua</span> <span class='ocrx_word' id='word_1_115' title='bbox 493 1553 566 1606; x_wconf 84' lang='lat' dir='ltr'>ultra</span> <span class='ocrx_word' id='word_1_116' title='bbox 585 1561 614 1606; x_wconf 90' lang='lat' dir='ltr'>et</span> <span class='ocrx_word' id='word_1_117' title='bbox 639 1555 781 1620; x_wconf 74' lang='lat' dir='ltr'>contrat)</span> <span class='ocrx_word' id='word_1_118' title='bbox 800 1554 959 1626; x_wconf 80' lang='lat' dir='ltr'>scripturas</span> <span class='ocrx_word' id='word_1_119' title='bbox 978 1555 1085 1624; x_wconf 79' lang='lat' dir='ltr'>gloria.</span> <span class='ocrx_word' id='word_1_120' title='bbox 1144 1553 1149 1564; x_wconf 87' lang='grc'><em>’</em></span> 
     </span>
     <span class='ocr_line' id='line_1_15' title="bbox 34 1635 1084 1712; baseline 0.004 -17"><span class='ocrx_word' id='word_1_121' title='bbox 34 1657 141 1697; x_wconf 81' lang='lat' dir='ltr'>rentur.</span> <span class='ocrx_word' id='word_1_122' title='bbox 177 1642 224 1696; x_wconf 92' lang='lat' dir='ltr'>llli</span> <span class='ocrx_word' id='word_1_123' title='bbox 240 1635 417 1696; x_wconf 72' lang='lat' dir='ltr'>recusabant</span> <span class='ocrx_word' id='word_1_124' title='bbox 435 1641 594 1710; x_wconf 82' lang='lat' dir='ltr'>miracuta,</span> <span class='ocrx_word' id='word_1_125' title='bbox 620 1641 718 1696; x_wconf 89' lang='lat' dir='ltr'>minati</span> <span class='ocrx_word' id='word_1_126' title='bbox 735 1651 831 1696; x_wconf 87' lang='lat' dir='ltr'>tamen</span> <span class='ocrx_word' id='word_1_127' title='bbox 848 1643 935 1712; x_wconf 86' lang='lat' dir='ltr'>sunt,</span> <span class='ocrx_word' id='word_1_128' title='bbox 959 1645 1023 1698; x_wconf 84' lang='lat' dir='ltr'>fore</span> <span class='ocrx_word' id='word_1_129' title='bbox 1052 1653 1084 1699; x_wconf 90' lang='lat' dir='ltr'>ut</span> 
     </span>
     <span class='ocr_line' id='line_1_16' title="bbox 32 1731 1086 1802; baseline 0.005 -17"><span class='ocrx_word' id='word_1_130' title='bbox 32 1735 151 1787; x_wconf 87' lang='lat' dir='ltr'>credere</span> <span class='ocrx_word' id='word_1_131' title='bbox 169 1733 288 1790; x_wconf 77' lang='lat' dir='ltr'>tandein</span> <span class='ocrx_word' id='word_1_132' title='bbox 306 1733 348 1785; x_wconf 89' lang='lat' dir='ltr'>eis</span> <span class='ocrx_word' id='word_1_133' title='bbox 365 1747 499 1802; x_wconf 84' lang='lat' dir='ltr'>cogerer.</span> <span class='ocrx_word' id='word_1_134' title='bbox 534 1731 692 1802; x_wconf 79' lang='lat' dir='ltr'>spumabat</span> <span class='ocrx_word' id='word_1_135' title='bbox 715 1745 744 1788; x_wconf 90' lang='lat' dir='ltr'>et</span> <span class='ocrx_word' id='word_1_136' title='bbox 761 1731 906 1788; x_wconf 83' lang='lat' dir='ltr'>fremebat</span> <span class='ocrx_word' id='word_1_137' title='bbox 923 1741 951 1788; x_wconf 90' lang='lat' dir='ltr'>et</span> <span class='ocrx_word' id='word_1_138' title='bbox 968 1735 1086 1790; x_wconf 79' lang='lat' dir='ltr'>furebat</span> 
     </span>
     <span class='ocr_line' id='line_1_17' title="bbox 33 1806 1085 1892; baseline -0.001 -16"><span class='ocrx_word' id='word_1_139' title='bbox 33 1823 106 1877; x_wconf 81' lang='lat' dir='ltr'>inter</span> <span class='ocrx_word' id='word_1_140' title='bbox 123 1823 197 1876; x_wconf 85' lang='lat' dir='ltr'>haec</span> <span class='ocrx_word' id='word_1_141' title='bbox 216 1806 545 1892; x_wconf 73' lang='lat' dir='ltr'>Magister‘lttaninus:</span> <span class='ocrx_word' id='word_1_142' title='bbox 563 1817 609 1887; x_wconf 77' lang='grc'>”)</span> <span class='ocrx_word' id='word_1_143' title='bbox 634 1836 691 1874; x_wconf 88' lang='lat' dir='ltr'>nec</span> <span class='ocrx_word' id='word_1_144' title='bbox 714 1821 797 1891; x_wconf 91' lang='lat' dir='ltr'>loqui</span> <span class='ocrx_word' id='word_1_145' title='bbox 815 1822 938 1892; x_wconf 88' lang='lat' dir='ltr'>jussus,</span> <span class='ocrx_word' id='word_1_146' title='bbox 967 1841 1024 1876; x_wconf 88' lang='lat' dir='ltr'>nec</span> <span class='ocrx_word' id='word_1_147' title='bbox 1042 1824 1085 1878; x_wconf 89' lang='lat' dir='ltr'>in.</span> 
     </span>
     <span class='ocr_line' id='line_1_18' title="bbox 34 1909 1086 1983; baseline -0.002 -15"><span class='ocrx_word' id='word_1_148' title='bbox 34 1925 216 1983; x_wconf 73' lang='lat' dir='ltr'>tetragonis,</span> <span class='ocrx_word' id='word_1_149' title='bbox 235 1923 267 1966; x_wconf 91' lang='lat' dir='ltr'>ut</span> <span class='ocrx_word' id='word_1_150' title='bbox 282 1929 339 1966; x_wconf 86' lang='lat' dir='ltr'>nec</span> <span class='ocrx_word' id='word_1_151' title='bbox 356 1909 429 1964; x_wconf 82' lang='lat' dir='ltr'>inihi</span> <span class='ocrx_word' id='word_1_152' title='bbox 447 1909 586 1980; x_wconf 89' lang='lat' dir='ltr'>loquendi</span> <span class='ocrx_word' id='word_1_153' title='bbox 604 1910 728 1982; x_wconf 87' lang='lat' dir='ltr'>spatium</span> <span class='ocrx_word' id='word_1_154' title='bbox 746 1911 866 1966; x_wconf 86' lang='lat' dir='ltr'>laceret.</span> <span class='ocrx_word' id='word_1_155' title='bbox 901 1911 966 1982; x_wconf 82' lang='lat' dir='ltr'>Ego</span> <span class='ocrx_word' id='word_1_156' title='bbox 984 1913 1086 1967; x_wconf 77' lang='lat' dir='ltr'>(limis.</span> 
     </span>
     <span class='ocr_line' id='line_1_19' title="bbox 33 1999 1084 2067; baseline 0.005 -12"><span class='ocrx_word' id='word_1_157' title='bbox 33 2006 70 2058; x_wconf 75' lang='lat' dir='ltr'>sis</span> <span class='ocrx_word' id='word_1_158' title='bbox 88 2004 290 2058; x_wconf 85' lang='lat' dir='ltr'>interminatus</span> <span class='ocrx_word' id='word_1_159' title='bbox 307 2003 332 2067; x_wconf 81' lang='lat'>²)</span> <span class='ocrx_word' id='word_1_160' title='bbox 349 2017 417 2054; x_wconf 90' lang='lat' dir='ltr'>sum</span> <span class='ocrx_word' id='word_1_161' title='bbox 433 2016 539 2055; x_wconf 85' lang='lat' dir='ltr'>eorum</span> <span class='ocrx_word' id='word_1_162' title='bbox 556 1999 645 2067; x_wconf 89' lang='lat' dir='ltr'>Deo,</span> <span class='ocrx_word' id='word_1_163' title='bbox 665 2018 702 2055; x_wconf 88' lang='lat' dir='ltr'>ne</span> <span class='ocrx_word' id='word_1_164' title='bbox 720 2003 859 2056; x_wconf 83' lang='lat' dir='ltr'>miracula</span> <span class='ocrx_word' id='word_1_165' title='bbox 877 2003 977 2058; x_wconf 86' lang='lat' dir='ltr'>ederet</span> <span class='ocrx_word' id='word_1_166' title='bbox 993 2003 1084 2060; x_wconf 89' lang='lat' dir='ltr'>invito</span> 
     </span>
     <span class='ocr_line' id='line_1_20' title="bbox 32 2081 663 2150; baseline -0.011 0"><span class='ocrx_word' id='word_1_167' title='bbox 32 2095 101 2150; x_wconf 93' lang='lat' dir='ltr'>Deo</span> <span class='ocrx_word' id='word_1_168' title='bbox 119 2111 204 2150; x_wconf 85' lang='lat' dir='ltr'>meo:</span> <span class='ocrx_word' id='word_1_169' title='bbox 222 2093 266 2148; x_wconf 88' lang='lat' dir='ltr'>sic</span> <span class='ocrx_word' id='word_1_170' title='bbox 282 2093 483 2148; x_wconf 84' lang='lat' dir='ltr'>discessimus.</span> <span class='ocrx_word' id='word_1_171' title='bbox 584 2089 589 2098; x_wconf 83' lang='lat'><em>‘</em></span> <span class='ocrx_word' id='word_1_172' title='bbox 661 2081 663 2086; x_wconf 76' lang='grc'><strong>’</strong></span> 
     </span>
    </p>
   </div>
   <div class='ocr_carea' id='block_1_6' title="bbox 23 2233 1160 3040">
    <p class='ocr_par' dir='ltr' id='par_1_6' title="bbox 23 2233 1160 3040">
     <span class='ocr_line' id='line_1_21' title="bbox 91 2233 1083 2317; baseline 0.001 -20"><span class='ocrx_word' id='word_1_173' title='bbox 91 2241 201 2311; x_wconf 81' lang='lat' dir='ltr'>Beati,</span> <span class='ocrx_word' id='word_1_174' title='bbox 218 2241 274 2317; x_wconf 83' lang='lat' dir='ltr'>qui</span> <span class='ocrx_word' id='word_1_175' title='bbox 291 2239 428 2295; x_wconf 80' lang='lat' dir='ltr'>audiunt</span> <span class='ocrx_word' id='word_1_176' title='bbox 444 2233 668 2308; x_wconf 78' lang='lat' dir='ltr'>verbum&#39;Der&#39;,</span> <span class='ocrx_word' id='word_1_177' title='bbox 685 2245 715 2293; x_wconf 83' lang='lat' dir='ltr'>et</span> <span class='ocrx_word' id='word_1_178' title='bbox 731 2239 915 2296; x_wconf 81' lang='lat' dir='ltr'>custodiunt</span> <span class='ocrx_word' id='word_1_179' title='bbox 931 2239 1030 2296; x_wconf 83' lang='lat' dir='ltr'>illud:</span> <span class='ocrx_word' id='word_1_180' title='bbox 1051 2249 1083 2298; x_wconf 85' lang='lat' dir='ltr'>et</span> 
     </span>
     <span class='ocr_line' id='line_1_22' title="bbox 28 2325 1085 2408; baseline -0.007 -20"><span class='ocrx_word' id='word_1_181' title='bbox 28 2335 83 2408; x_wconf 81' lang='lat' dir='ltr'>qni</span> <span class='ocrx_word' id='word_1_182' title='bbox 98 2349 276 2390; x_wconf 83' lang='lat' dir='ltr'>sermonem</span> <span class='ocrx_word' id='word_1_183' title='bbox 291 2347 395 2386; x_wconf 81' lang='lat' dir='ltr'>meum</span> <span class='ocrx_word' id='word_1_184' title='bbox 410 2325 564 2396; x_wconf 69' lang='lat' dir='ltr'>sei-vadit,</span> <span class='ocrx_word' id='word_1_185' title='bbox 587 2345 652 2383; x_wconf 83' lang='lat' dir='ltr'>non</span> <span class='ocrx_word' id='word_1_186' title='bbox 669 2330 836 2400; x_wconf 78' lang='lat' dir='ltr'>morietur,</span> <span class='ocrx_word' id='word_1_187' title='bbox 855 2341 912 2386; x_wconf 91' lang='lat' dir='ltr'>etc.</span> <span class='ocrx_word' id='word_1_188' title='bbox 948 2333 1085 2389; x_wconf 79' lang='lat' dir='ltr'>Omnino</span> 
     </span>
     <span class='ocr_line' id='line_1_23' title="bbox 29 2419 1083 2492; baseline -0.002 -13"><span class='ocrx_word' id='word_1_189' title='bbox 29 2427 64 2479; x_wconf 89' lang='lat' dir='ltr'>de</span> <span class='ocrx_word' id='word_1_190' title='bbox 82 2426 138 2479; x_wconf 85' lang='lat' dir='ltr'>tide</span> <span class='ocrx_word' id='word_1_191' title='bbox 155 2425 307 2488; x_wconf 79' lang='lat' dir='ltr'>dicontur,</span> <span class='ocrx_word' id='word_1_192' title='bbox 324 2431 358 2476; x_wconf 88' lang='lat' dir='ltr'>ut</span> <span class='ocrx_word' id='word_1_193' title='bbox 373 2419 523 2484; x_wconf 80' lang='lat' dir='ltr'>custodire</span> <span class='ocrx_word' id='word_1_194' title='bbox 541 2429 571 2474; x_wconf 90' lang='lat' dir='ltr'>et</span> <span class='ocrx_word' id='word_1_195' title='bbox 588 2435 708 2474; x_wconf 85' lang='lat' dir='ltr'>servare</span> <span class='ocrx_word' id='word_1_196' title='bbox 725 2435 785 2476; x_wconf 92' lang='lat' dir='ltr'>non</span> <span class='ocrx_word' id='word_1_197' title='bbox 803 2422 856 2488; x_wconf 87' lang='lat' dir='ltr'>sit,</span> <span class='ocrx_word' id='word_1_198' title='bbox 878 2437 955 2492; x_wconf 89' lang='lat' dir='ltr'>opus</span> <span class='ocrx_word' id='word_1_199' title='bbox 973 2424 1083 2491; x_wconf 84' lang='lat' dir='ltr'>lacere,</span> 
     </span>
     <span class='ocr_line' id='line_1_24' title="bbox 28 2495 1084 2586; baseline 0 -18"><span class='ocrx_word' id='word_1_200' title='bbox 28 2517 81 2569; x_wconf 87' lang='lat' dir='ltr'>sed</span> <span class='ocrx_word' id='word_1_201' title='bbox 101 2515 194 2570; x_wconf 86' lang='lat' dir='ltr'>verbo</span> <span class='ocrx_word' id='word_1_202' title='bbox 213 2509 421 2586; x_wconf 83' lang='lat' dir='ltr'>promissionis</span> <span class='ocrx_word' id='word_1_203' title='bbox 437 2509 552 2564; x_wconf 82' lang='lat' dir='ltr'>fortiter</span> <span class='ocrx_word' id='word_1_204' title='bbox 569 2495 746 2577; x_wconf 83' lang='lat' dir='ltr'>adhaere&#39;re,</span> <span class='ocrx_word' id='word_1_205' title='bbox 765 2521 794 2565; x_wconf 88' lang='lat' dir='ltr'>et</span> <span class='ocrx_word' id='word_1_206' title='bbox 812 2513 840 2565; x_wconf 93' lang='lat' dir='ltr'>in</span> <span class='ocrx_word' id='word_1_207' title='bbox 858 2513 965 2566; x_wconf 88' lang='lat' dir='ltr'>eodem</span> <span class='ocrx_word' id='word_1_208' title='bbox 981 2514 1084 2568; x_wconf 85' lang='lat' dir='ltr'>virere</span> 
     </span>
     <span class='ocr_line' id='line_1_25' title="bbox 27 2597 1160 2676; baseline 0.003 -17"><span class='ocrx_word' id='word_1_209' title='bbox 27 2619 55 2660; x_wconf 88' lang='lat' dir='ltr'>et</span> <span class='ocrx_word' id='word_1_210' title='bbox 74 2605 202 2676; x_wconf 85' lang='lat' dir='ltr'>operari.</span> <span class='ocrx_word' id='word_1_211' title='bbox 223 2603 361 2658; x_wconf 82' lang='lat' dir='ltr'>Christus</span> <span class='ocrx_word' id='word_1_212' title='bbox 378 2609 458 2656; x_wconf 87' lang='lat' dir='ltr'>certe</span> <span class='ocrx_word' id='word_1_213' title='bbox 471 2597 558 2654; x_wconf 82' lang='lat' dir='ltr'>fidem</span> <span class='ocrx_word' id='word_1_214' title='bbox 570 2600 675 2668; x_wconf 85' lang='lat' dir='ltr'>docet,</span> <span class='ocrx_word' id='word_1_215' title='bbox 694 2617 754 2655; x_wconf 90' lang='lat' dir='ltr'>non</span> <span class='ocrx_word' id='word_1_216' title='bbox 769 2618 871 2673; x_wconf 84' lang='lat' dir='ltr'>opera.</span> <span class='ocrx_word' id='word_1_217' title='bbox 907 2602 1008 2676; x_wconf 81' lang='lat' dir='ltr'>Quare</span> <span class='ocrx_word' id='word_1_218' title='bbox 1026 2605 1084 2660; x_wconf 85' lang='lat' dir='ltr'>ista</span> <span class='ocrx_word' id='word_1_219' title='bbox 1158 2651 1160 2662; x_wconf 79' lang='grc'><strong>,</strong></span> 
     </span>
     <span class='ocr_line' id='line_1_26' title="bbox 27 2689 1083 2764; baseline -0.001 -16"><span class='ocrx_word' id='word_1_220' title='bbox 27 2705 172 2750; x_wconf 84' lang='lat' dir='ltr'>tormenta</span> <span class='ocrx_word' id='word_1_221' title='bbox 189 2703 258 2748; x_wconf 88' lang='lat' dir='ltr'>sunt</span> <span class='ocrx_word' id='word_1_222' title='bbox 275 2693 407 2746; x_wconf 90' lang='lat' dir='ltr'>omnium</span> <span class='ocrx_word' id='word_1_223' title='bbox 425 2689 669 2764; x_wconf 88' lang='lat' dir='ltr'>impotentissima</span> <span class='ocrx_word' id='word_1_224' title='bbox 694 2705 749 2762; x_wconf 89' lang='lat' dir='ltr'>pro</span> <span class='ocrx_word' id='word_1_225' title='bbox 768 2691 926 2763; x_wconf 88' lang='lat' dir='ltr'>operibus,</span> <span class='ocrx_word' id='word_1_226' title='bbox 952 2695 1003 2748; x_wconf 87' lang='lat' dir='ltr'>sed</span> <span class='ocrx_word' id='word_1_227' title='bbox 1021 2694 1083 2749; x_wconf 81' lang='lat' dir='ltr'>for.</span> 
     </span>
     <span class='ocr_line' id='line_1_27' title="bbox 25 2779 1083 2858; baseline 0 -18"><span class='ocrx_word' id='word_1_228' title='bbox 25 2788 136 2840; x_wconf 83' lang='lat' dir='ltr'>tissima</span> <span class='ocrx_word' id='word_1_229' title='bbox 152 2785 208 2858; x_wconf 81' lang='lat' dir='ltr'>pad</span> <span class='ocrx_word' id='word_1_230' title='bbox 228 2783 301 2840; x_wconf 84' lang='lat' dir='ltr'>lide:</span> <span class='ocrx_word' id='word_1_231' title='bbox 319 2781 447 2837; x_wconf 80' lang='lat' dir='ltr'>rerbdm</span> <span class='ocrx_word' id='word_1_232' title='bbox 465 2779 530 2834; x_wconf 81' lang='lat' dir='ltr'>adei</span> <span class='ocrx_word' id='word_1_233' title='bbox 549 2779 627 2834; x_wconf 88' lang='lat' dir='ltr'>enim</span> <span class='ocrx_word' id='word_1_234' title='bbox 643 2792 795 2835; x_wconf 85' lang='lat' dir='ltr'>servatum</span> <span class='ocrx_word' id='word_1_235' title='bbox 812 2793 927 2851; x_wconf 85' lang='lat' dir='ltr'>servat,</span> <span class='ocrx_word' id='word_1_236' title='bbox 945 2799 983 2838; x_wconf 85' lang='lat' dir='ltr'>ne</span> <span class='ocrx_word' id='word_1_237' title='bbox 999 2799 1083 2840; x_wconf 83' lang='lat' dir='ltr'>mors</span> 
     </span>
     <span class='ocr_line' id='line_1_28' title="bbox 25 2857 1081 2964; baseline 0.001 -34"><span class='ocrx_word' id='word_1_238' title='bbox 25 2880 166 2932; x_wconf 77' lang='lat' dir='ltr'>rideatur.</span> <span class='ocrx_word' id='word_1_239' title='bbox 201 2875 257 2928; x_wconf 83' lang='lat' dir='ltr'>llic</span> <span class='ocrx_word' id='word_1_240' title='bbox 269 2875 333 2927; x_wconf 84' lang='lat' dir='ltr'>vole</span> <span class='ocrx_word' id='word_1_241' title='bbox 346 2883 375 2928; x_wconf 89' lang='lat' dir='ltr'>et</span> <span class='ocrx_word' id='word_1_242' title='bbox 388 2889 439 2927; x_wconf 89' lang='lat' dir='ltr'>ora</span> <span class='ocrx_word' id='word_1_243' title='bbox 450 2887 506 2943; x_wconf 89' lang='lat' dir='ltr'>pro</span> <span class='ocrx_word' id='word_1_244' title='bbox 519 2861 577 2925; x_wconf 69' lang='lat' dir='ltr'>ine.</span> <span class='ocrx_word' id='word_1_245' title='bbox 600 2857 814 2926; x_wconf 72' lang='lat' dir='ltr'>Saluta&#39;omttes</span> <span class='ocrx_word' id='word_1_246' title='bbox 825 2883 958 2964; x_wconf 65' lang='lat' dir='ltr'>noptros.</span> <span class='ocrx_word' id='word_1_247' title='bbox 982 2875 1081 2931; x_wconf 76' lang='lat' dir='ltr'>Darae</span> 
     </span>
     <span class='ocr_line' id='line_1_29' title="bbox 23 2959 1028 3040; baseline -0.017 -15"><span class='ocrx_word' id='word_1_248' title='bbox 23 2966 54 3025; x_wconf 90' lang='lat' dir='ltr'>in</span> <span class='ocrx_word' id='word_1_249' title='bbox 72 2968 173 3040; x_wconf 77' lang='lat' dir='ltr'>vigilia</span> <span class='ocrx_word' id='word_1_250' title='bbox 188 2966 376 3033; x_wconf 84' lang='lat' dir='ltr'>Palmarum,</span> <span class='ocrx_word' id='word_1_251' title='bbox 395 2961 566 3018; x_wconf 83' lang='lat' dir='ltr'>MDXllll.</span> <span class='ocrx_word' id='word_1_252' title='bbox 1026 2959 1028 2968; x_wconf 82' lang='grc'><strong>“</strong></span> 
     </span>
    </p>
   </div>
   <div class='ocr_carea' id='block_1_7' title="bbox 662 3067 1045 3129">
    <p class='ocr_par' dir='ltr' id='par_1_7' title="bbox 662 3067 1045 3129">
     <span class='ocr_line' id='line_1_30' title="bbox 662 3067 1045 3129; baseline 0.013 -5"><span class='ocrx_word' id='word_1_253' title='bbox 662 3067 701 3126; x_wconf 89' lang='grc' dir='ltr'>Τ.</span> <span class='ocrx_word' id='word_1_254' title='bbox 719 3067 864 3127; x_wconf 85' lang='lat' dir='ltr'>Martinus</span> <span class='ocrx_word' id='word_1_255' title='bbox 883 3069 1045 3129; x_wconf 79' lang='lat' dir='ltr'>Lutherut.</span> 
     </span>
    </p>
   </div>
   <div class='ocr_carea' id='block_1_8' title="bbox 24 3381 377 3402">
    <p class='ocr_par' dir='ltr' id='par_1_8' title="bbox 24 3381 377 3402">
     <span class='ocr_line' id='line_1_31' title="bbox 24 3381 377 3402; baseline -0.011 0"><span class='ocrx_word' id='word_1_256' title='bbox 24 3381 377 3402; x_wconf 52' lang='grc' dir='ltr'><strong><em>Μ</em></strong></span> 
     </span>
    </p>
   </div>
   <div class='ocr_carea' id='block_1_9' title="bbox 74 3471 1073 3552">
    <p class='ocr_par' dir='ltr' id='par_1_9' title="bbox 74 3471 1073 3552">
     <span class='ocr_line' id='line_1_32' title="bbox 74 3471 1073 3552; baseline -0.021 -20"><span class='ocrx_word' id='word_1_257' title='bbox 74 3491 94 3539; x_wconf 78' lang='lat' dir='ltr'>l)</span> <span class='ocrx_word' id='word_1_258' title='bbox 109 3485 168 3530; x_wconf 83' lang='lat' dir='ltr'>cod.</span> <span class='ocrx_word' id='word_1_259' title='bbox 181 3483 204 3528; x_wconf 86' lang='lat' dir='ltr'>J.</span> <span class='ocrx_word' id='word_1_260' title='bbox 219 3492 298 3542; x_wconf 83' lang='lat' dir='ltr'>supra.</span> <span class='ocrx_word' id='word_1_261' title='bbox 348 3481 370 3532; x_wconf 83' lang='lat'>2&gt;</span> <span class='ocrx_word' id='word_1_262' title='bbox 386 3479 444 3524; x_wconf 80' lang='lat' dir='ltr'>cod.</span> <span class='ocrx_word' id='word_1_263' title='bbox 459 3477 480 3522; x_wconf 84' lang='lat' dir='ltr'>J.</span> <span class='ocrx_word' id='word_1_264' title='bbox 496 3471 660 3522; x_wconf 82' lang='lat' dir='ltr'>interminari.</span> <span class='ocrx_word' id='word_1_265' title='bbox 1058 3519 1073 3552; x_wconf 56' lang='lat' dir='ltr'><em>l</em></span> 
     </span>
    </p>
   </div>
   <div class='ocr_carea' id='block_1_10' title="bbox 23 3606 253 3638">
    <p class='ocr_par' dir='ltr' id='par_1_10' title="bbox 23 3606 253 3638">
     <span class='ocr_line' id='line_1_33' title="bbox 23 3606 253 3638; baseline -0.009 0"><span class='ocrx_word' id='word_1_266' title='bbox 23 3606 253 3638; x_wconf 58' lang='lat' dir='ltr'>...n-..hann—-ffl</span> 
     </span>
    </p>
   </div>
   <div class='ocr_carea' id='block_1_11' title="bbox 21 3713 1084 3922">
    <p class='ocr_par' dir='ltr' id='par_1_11' title="bbox 21 3713 1084 3922">
     <span class='ocr_line' id='line_1_34' title="bbox 73 3713 1072 3788; baseline -0.009 -22"><span class='ocrx_word' id='word_1_267' title='bbox 73 3727 95 3774; x_wconf 77' lang='lat'>0)</span> <span class='ocrx_word' id='word_1_268' title='bbox 113 3717 257 3770; x_wconf 67' lang='lat' dir='ltr'>meridies</span> <span class='ocrx_word' id='word_1_269' title='bbox 271 3715 392 3766; x_wconf 71' lang='lat' dir='ltr'>statana</span> <span class='ocrx_word' id='word_1_270' title='bbox 412 3715 457 3761; x_wconf 75' lang='lat' dir='ltr'>urit</span> <span class='ocrx_word' id='word_1_271' title='bbox 469 3713 562 3766; x_wconf 57' lang='lat' dir='ltr'>&amp;atet</span> <span class='ocrx_word' id='word_1_272' title='bbox 576 3713 709 3788; x_wconf 59' lang='lat' dir='ltr'>&amp;errans</span> <span class='ocrx_word' id='word_1_273' title='bbox 723 3713 796 3768; x_wconf 63' lang='lat' dir='ltr'>*tetre</span> <span class='ocrx_word' id='word_1_274' title='bbox 808 3723 834 3766; x_wconf 78' lang='lat' dir='ltr'>tu</span> <span class='ocrx_word' id='word_1_275' title='bbox 850 3713 1005 3766; x_wconf 61' lang='lat' dir='ltr'>denarraret</span> <span class='ocrx_word' id='word_1_276' title='bbox 1019 3716 1072 3763; x_wconf 76' lang='lat' dir='ltr'>tals·</span> 
     </span>
     <span class='ocr_line' id='line_1_35' title="bbox 21 3783 1084 3850; baseline -0.006 -8"><span class='ocrx_word' id='word_1_277' title='bbox 21 3795 148 3846; x_wconf 71' lang='lat' dir='ltr'>emittens</span> <span class='ocrx_word' id='word_1_278' title='bbox 168 3793 266 3850; x_wconf 50' lang='grc' dir='ltr'>ινξιπιτ</span> <span class='ocrx_word' id='word_1_279' title='bbox 280 3789 349 3843; x_wconf 78' lang='lat' dir='ltr'>attin</span> <span class='ocrx_word' id='word_1_280' title='bbox 362 3791 404 3836; x_wconf 83' lang='lat' dir='ltr'>trn</span> <span class='ocrx_word' id='word_1_281' title='bbox 417 3785 551 3837; x_wconf 64' lang='lat' dir='ltr'>dicarat</span> <span class='ocrx_word' id='word_1_282' title='bbox 561 3783 651 3838; x_wconf 54' lang='lat' dir='ltr'>terunt</span> <span class='ocrx_word' id='word_1_283' title='bbox 670 3786 761 3837; x_wconf 81' lang='lat' dir='ltr'>rrttrrrt</span> <span class='ocrx_word' id='word_1_284' title='bbox 773 3789 851 3834; x_wconf 78' lang='lat' dir='ltr'>uerte</span> <span class='ocrx_word' id='word_1_285' title='bbox 864 3788 930 3842; x_wconf 70' lang='lat' dir='ltr'>tentat</span> <span class='ocrx_word' id='word_1_286' title='bbox 943 3789 1084 3842; x_wconf 66' lang='lat' dir='ltr'>ttrrtatsew</span> 
     </span>
     <span class='ocr_line' id='line_1_36' title="bbox 23 3857 1029 3922; baseline 0.003 -16"><span class='ocrx_word' id='word_1_287' title='bbox 23 3869 82 3922; x_wconf 56' lang='lat' dir='ltr'>mi.</span> <span class='ocrx_word' id='word_1_288' title='bbox 95 3867 140 3916; x_wconf 69' lang='lat' dir='ltr'>aar,</span> <span class='ocrx_word' id='word_1_289' title='bbox 155 3875 188 3913; x_wconf 81' lang='lat' dir='ltr'>an</span> <span class='ocrx_word' id='word_1_290' title='bbox 200 3865 228 3918; x_wconf 63' lang='lat' dir='ltr'>a.</span> <span class='ocrx_word' id='word_1_291' title='bbox 242 3867 317 3918; x_wconf 72' lang='lat' dir='ltr'>tanet</span> <span class='ocrx_word' id='word_1_292' title='bbox 329 3871 351 3914; x_wconf 77' lang='lat' dir='ltr'>s,</span> <span class='ocrx_word' id='word_1_293' title='bbox 365 3863 396 3912; x_wconf 75' lang='lat'>12.</span> <span class='ocrx_word' id='word_1_294' title='bbox 410 3861 467 3912; x_wconf 68' lang='lat' dir='ltr'>aar.</span> <span class='ocrx_word' id='word_1_295' title='bbox 479 3869 503 3906; x_wconf 84' lang='lat' dir='ltr'>a.</span> <span class='ocrx_word' id='word_1_296' title='bbox 517 3861 548 3905; x_wconf 82' lang='lat' dir='ltr'>tt.</span> <span class='ocrx_word' id='word_1_297' title='bbox 562 3857 670 3910; x_wconf 62' lang='lat' dir='ltr'>merituri</span> <span class='ocrx_word' id='word_1_298' title='bbox 684 3868 714 3906; x_wconf 86' lang='lat' dir='ltr'>an</span> <span class='ocrx_word' id='word_1_299' title='bbox 728 3859 844 3910; x_wconf 61' lang='lat' dir='ltr'>situatis</span> <span class='ocrx_word' id='word_1_300' title='bbox 859 3869 880 3909; x_wconf 81' lang='lat' dir='ltr'>t.</span> <span class='ocrx_word' id='word_1_301' title='bbox 893 3862 913 3908; x_wconf 86' lang='grc'>5.</span> <span class='ocrx_word' id='word_1_302' title='bbox 927 3859 1029 3912; x_wconf 61' lang='lat' dir='ltr'>§uirtus</span> 
     </span>
    </p>
   </div>
   <div class='ocr_carea' id='block_1_12' title="bbox 74 3953 298 4010">
    <p class='ocr_par' dir='ltr' id='par_1_12' title="bbox 74 3953 298 4010">
     <span class='ocr_line' id='line_1_37' title="bbox 74 3953 298 4010; baseline -0.009 -8"><span class='ocrx_word' id='word_1_303' title='bbox 74 3963 109 4010; x_wconf 71' lang='lat' dir='ltr'>n)</span> <span class='ocrx_word' id='word_1_304' title='bbox 123 3956 156 4002; x_wconf 76' lang='lat' dir='ltr'>ll.</span> <span class='ocrx_word' id='word_1_305' title='bbox 172 3953 298 4002; x_wconf 80' lang='lat' dir='ltr'>Collatius.</span> 
     </span>
    </p>
   </div>
   <div class='ocr_carea' id='block_1_13' title="bbox 0 0 1340 4568">
    <p class='ocr_par' dir='ltr' id='par_1_13' title="bbox 0 0 1340 4568">
     <span class='ocr_line' id='line_1_38' title="bbox 0 0 1340 4568; baseline 0 3"><span class='ocrx_word' id='word_1_306' title='bbox 0 0 1340 4568; x_wconf 95' lang='lat' dir='ltr'> </span> 
     </span>
    </p>
   </div>
  </div>
 </body>
</html>
