2674 4570
161 275 164 284 ’
224 289 286 360 tn
366 283 367 286 ‘
630 267 663 380 Ἰ
709 289 817 399 ‚1⁵²²2.

223 453 359 510 ridiculis
387 465 416 509 et
443 454 562 525 ineptis.
587 449 612 520 t)
653 453 710 508 Sed
733 461 832 508 tamen
856 468 895 513 ne
920 427 995 507 nibil
1021 435 1198 522 impetrent,
1223 434 1283 504 vim

154 599 175 616 x,
224 528 331 600 iecibm
348 522 422 600 mihi
448 546 524 600 ultra
540 545 683 613 modum,
708 523 814 620 etnob
833 543 969 621 exigam,
995 552 1028 596 ut
1045 541 1167 614 publice
1184 557 1282 595 recen.

222 634 293 689 tetis
311 633 385 689 mihi
403 635 514 689 malum
531 645 682 689 vestrum:
701 649 758 688 vos
776 633 930 700 videritis,
947 642 982 686 ut
994 632 1117 687 Christo
1131 647 1223 702 super
1234 632 1283 684 illo

140 733 142 751 ¹
222 723 451 796 responderitis.
486 723 613 779 Tacebo
640 733 670 778 et
695 723 956 789 contentusero,
986 721 1013 777 si
1040 721 1114 776 nibil
1141 720 1281 791 deinceps

222 815 330 870 similis
355 813 518 887 tyrannidis
543 816 746 883 tentaveritis,
773 824 803 869 et
828 815 995 868 doctrinam
1018 813 1138 884 pietatis
1162 811 1282 866 liberam

221 922 292 960 esse
310 907 525 978 permiseritis:
553 906 582 962 si
601 922 658 962 vos
675 924 736 962 nou
754 906 844 960 vultis
863 904 1033 977 simplicem
1045 903 1203 980 Christum
1215 919 1283 956 con.

177 1045 182 1056 ,
222 994 298 1050 literi
326 1005 356 1050 et
380 997 484 1068 sequi,
512 995 672 1070 sequimini
698 986 816 1063 vestra,
839 1005 871 1050 et
895 993 984 1076 vobp's
1011 993 1117 1048 saltem
1145 982 1284 1046 facessite

221 1081 351 1155 n'egotia.
388 1086 510 1158 Alioqui
526 1085 686 1142 ministerii
703 1075 800 1140 nostri
819 1085 902 1139 frena
924 1083 1109 1152 laxabimus,
1137 1093 1168 1137 et
1185 1083 1211 1150 ²)
1233 1081 1283 1134 do.

223 1175 350 1230 ctrinam
365 1175 483 1248 pietatis
495 1176 663 1244 tuebimur,
682 1175 800 1246 quentis
818 1173 934 1230 viribus
951 1189 1139 1248 possennus,
1156 1172 1282 1227 offenda

220 1272 271 1320 tur
288 1265 352 1320 sive
371 1245 513 1338 coel'um,
529 1267 594 1322 sive
613 1277 708 1336 terra,
726 1265 793 1321 sive
807 1275 948 1322 ,tartarus
972 1261 999 1332 ³)

154 1474 156 1478 Δ
287 1405 386 1460 Habes
400 1407 500 1478 itaque
512 1405 701 1475 Lutherum,
714 1405 803 1460 sicuti
818 1421 940 1476 semper
950 1403 1100 1474 habuisti,
1114 1401 1282 1475 obsequen.

219 1485 373 1550 tissimum
384 1494 578 1567 mancipium,
597 1495 725 1550 simodo
737 1489 763 1563 4)
782 1495 899 1566 pietatis
917 1487 1032 1549 amicus
1051 1494 1161 1549 fueris:
1180 1510 1281 1548 rursus

221 1585 374 1654 egregium
392 1594 630 1654 contemtorem,
655 1586 680 1641 si
705 1576 877 1658 perrexeris
903 1601 974 1638 curn
998 1595 1051 1654 tuo
1077 1583 1225 1638 cardinali
1243 1585 1282 1638 lu.

221 1675 293 1730 dere
311 1677 341 1730 in
359 1694 391 1730 re
409 1692 504 1732 sacra.
539 1677 659 1776 Swma
671 1687 755 1745 esto,
775 1676 904 1756 charitas
916 1684 1019 1731 nostra
1033 1694 1089 1747 pro
1103 1675 1194 1730 vobis
1209 1676 1282 1730 mori

220 1775 320 1839 purntu
339 1777 403 1836 est,
422 1767 495 1822 lides
513 1783 587 1821 vero
606 1767 636 1821 si
650 1767 794 1837 tangitur,
813 1766 941 1836 tangitur
956 1766 1066 1838 pupilla
1081 1765 1162 1822 oculi
1177 1765 1282 1820 nostri.

222 1857 406 1912 charitatem
423 1857 593 1929 expositam
607 1858 752 1914 habetote
778 1856 918 1912 omuibus
945 1855 1010 1911 sive
1035 1857 1190 1924 ludibriis,
1220 1857 1282 1912 siae

220 1947 408 2019 honoribus,
427 1948 514 2004 fidem
533 1957 562 2003 et
580 1947 707 2002 verbum
725 1947 839 2002 adorari
858 1965 873 2002 a
890 1947 978 2004 vobis
995 1947 1155 2015 volumus,
1175 1955 1206 2001 et
1220 1963 1282 2001 sau.

221 2047 305 2093 ctum
322 2049 496 2093 sanctorum
513 2037 628 2092 haberi.
661 2037 712 2091 Dc
739 2037 882 2091 charitate
907 2047 1009 2092 nostra
1026 2035 1101 2092 nihil
1119 2054 1180 2091 non
1199 2054 1284 2108 prae.

219 2128 347 2197 eunice,
358 2125 453 2182 ‘fidem
471 2145 545 2182 vero
562 2137 697 2183 nostram
714 2143 866 2199 nunquam
882 2117 907 2194 5)
925 2144 986 2182 non
1003 2127 1116 2182 timete.

285 2265 430 2338 Cardinali
448 2276 501 2320 tuo
514 2259 580 2320 xnon
605 2266 814 2337 respondebo,
831 2257 857 2332 6)
880 2265 962 2338 quod
986 2264 1118 2320 medium
1141 2263 1200 2322 iter
1224 2283 1282 2322 non

175 2410 178 2420 ,
219 2367 328 2433 potero
340 2349 365 2426 ⁷)
384 2365 465 2412 tutus
483 2357 639 2423 incedere,
657 2371 756 2428 neque
768 2345 904 2424 laudare,
921 2373 1021 2428 neque
1034 2355 1206 2428 vituperare
1220 2358 1283 2412 sive

220 2447 426 2507 sinceritatem
442 2445 507 2502 sive
524 2440 751 2517 hypocrisin.⁸)
777 2445 828 2502 Ex
845 2457 874 2502 te
887 2457 986 2504 autem
998 2447 1142 2518 intelliget
1154 2447 1282 2502 Lutheri

148 2539 151 2546 '
221 2539 369 2620 spiritum.
404 2534 471 2608 Ego
488 2528 513 2604 ⁹)
531 2535 581 2590 ubi
600 2537 636 2591 de
654 2535 826 2591 sinceritate
844 2551 898 2592 sue
916 2535 1031 2592 certior
1052 2537 1151 2591 factus
1178 2538 1283 2605 tuero,

189 2625 192 2637 ⁴
221 2645 283 2684 non
309 2629 442 2683 differem
464 2643 513 2683 me
539 2635 637 2681 totum
662 2627 846 2698 profundere
863 2635 893 2681 et
916 2627 1068 2682 effundere
1085 2629 1120 2694 ¹⁰)
1138 2627 1175 2682 ad
1192 2630 1284 2700 pedes

224 2719 302 2789 ejus.
343 2719 434 2786 Vale,
462 2718 502 2772 mi
525 2717 661 2790 Fabrici,
681 2727 718 2772 et
742 2717 872 2771 animum
894 2733 998 2772 meum
1022 2735 1083 2774 non
1108 2719 1230 2777 dubites
1253 2723 1285 2784 ¹¹)

169 2825 173 2832 ’
222 2823 292 2863 esse
310 2808 468 2862 candidum
487 2807 573 2862 inte.
591 2807 631 2872 ²2)
664 2805 729 2862 Res
748 2807 831 2878 ipsa,
857 2805 937 2878 siout
957 2807 1064 2875 vides,
1079 2804 1116 2872 ¹³)
1134 2824 1241 2878 mogus
1259 2819 1285 2862 et

224 2911 310 2952 sacra
334 2905 398 2964 est,
424 2895 472 2950 cui
490 2911 546 2951 nos
566 2895 655 2964 decet
676 2895 924 2964 accommodare,
949 2912 988 2950 ne
1006 2898 1114 2958 fratres
1133 2911 1183 2954 aut
1199 2913 1287 2954 soro.

221 3001 273 3041 res
291 2985 366 3057 plus,
377 2985 666 3056 diligamus,‚qnam
683 2985 848 3042 Christian.
880 2983 933 3042 Ex
948 2983 1062 3042 Erem'o
1078 3002 1146 3042 mes
1156 3027 1167 3058 ,
1192 2987 1223 3047 in
1241 2988 1286 3043 die

59 3071 79 3094 ¹¹
150 3105 152 3108 v
224 3074 368 3144 Antonii,
387 3090 464 3130 anno
481 3073 649 3134 MDXXII.

808 3205 901 3270 Tuus
916 3205 1069 3264 Martinus
1086 3206 1256 3266 Lutherus.

227 3519 758 3561 ...nutu—upu--u-——ul--u

279 3623 300 3670 1)
319 3619 418 3670 Viteb.
441 3621 569 3679 insigniter
587 3621 685 3680 ineptis.
724 3623 746 3675 1)
765 3619 863 3668 vtten.
882 3631 901 3669 t.
920 3623 940 3669 b.
959 3623 1188 3678 n-sednaum
1203 3651 1285 3672 ....t..

229 3693 408 3741 laxabimuset.
434 3693 693 3748 Slvltcb.oli'cndat
702 3727 762 3740 .....
772 3697 1024 3754 terraurp..turtarum.
1054 3699 1285 3750 &Attrita-erbo.

228 3767 501 3826 spvttrbuuquau.
541 3767 674 3828 ⁶1Vileb.
690 3769 838 3825 respondeo.
876 3769 899 3822 7)
918 3769 1016 3816 vtten.
1034 3771 1164 3827 potuerim.
1204 3771 1285 3822 atvi—

166 3835 170 3840 '
229 3837 487 3900 netehypsnnc.
525 3843 548 3894 9)
561 3841 661 3888 vitet.
677 3844 702 3888 et
715 3853 769 3898 ego.
808 3844 841 3892 1ο)
855 3841 954 3888 Viteb.
969 3855 1007 3887 nie
1021 3847 1099 3889 totum
1114 3855 1164 3890 nou
1179 3845 1284 3890 differam

232 3913 357 3960 effundere
371 3917 397 3960 et
409 3913 565 3971 prouidere.
592 3918 625 3968 11)
640 3909 739 3968 Vlleb.
753 3925 785 3961 ue
798 3915 887 3962 dubita
920 3917 952 3970 12)
966 3915 1064 3965 vitet.
1078 3918 1148 3964 carrd.
1157 3930 1214 3966 esse
1224 3919 1249 3965 iu
1258 3923 1286 3964 te

232 3989 265 4041 13)
280 3987 374 4034 Auris.
394 3987 476 4034 vlded.
634 3993 640 4002 ”
