2674 4570
111 245 126 284 b

60 259 513 364 sug,
633 261 805 332 cisat.

272 382 414 477 bairaina
433 419 573 498 Georgia
590 421 781 500 Spoletina,
798 403 955 496 discipulo
974 411 1097 479 Christi
1100 461 1111 492 ,
1131 435 1191 478 suo
1208 419 1241 478 bt

651 516 723 584 fide
740 516 852 572 arnico.

228 621 381 723 Salutem.
417 666 595 738 ingratiorrs
613 670 716 732 literas¹
727 671 778 727 vix
796 671 869 742 legi,
893 687 981 744 qnam
1006 671 1060 726 has
1077 678 1145 726 tuas
1161 665 1277 724 norissi-

225 848 417 919 responderc.
450 847 585 904 Primum
599 851 775 916 tranferam,
793 853 872 924 qnod
885 849 940 919 ais,
955 849 1018 907 no'n
1031 865 1192 922 passurum
1206 849 1277 904 Prin.

225 937 343 1008 cipem,
361 929 457 992 scribi
467 939 495 993 in
513 937 744 1014 Mogttntinum,
760 957 818 995 nec
835 939 915 1013 quod
933 941 1081 1010 publicam
1099 953 1208 1020 pacem
1223 953 1277 1011 per.

222 1025 347 1083 turbare
365 1029 479 1100 possit:
490 1030 589 1100 potius
607 1038 634 1084 te
652 1040 681 1085 et
697 1030 887 1103 Principem
880 1046 977 1100 ipsum
991 1029 1111 1102 perdam
1124 1039 1154 1084 et
1167 1044 1277 1083 omnen
1330 1059 1332 1090 3

223 1125 399 1174 creaturam.
434 1119 462 1174 Si
481 1120 559 1174 enirn
576 1121 701 1214 creatori
725 1122 811 1193 ejus,
833 1121 949 1192 Papae,
974 1121 1086 1189 restiti,
1113 1137 1170 1174 cur
1186 1119 1276 1178 cedam
1331 1148 1332 1174 t

221 1207 290 1278 ejus
309 1210 484 1264 creaturae?
1049 1231 1053 1238 ’

290 1297 420 1354 Pulchre
436 1316 510 1356 vero
522 1317 584 1356 non
595 1299 771 1358 turbandam
783 1319 886 1373 pacem
904 1301 1052 1374 publicam
1070 1297 1239 1366 arbitraris,
1253 1307 1277 1355 et

224 1387 399 1444 turbandam
417 1391 443 1460 ¹)
461 1408 565 1462 pacem
582 1401 732 1448 aeternam
749 1393 809 1448 Dei
825 1409 880 1465 per
897 1393 999 1464 impias
1023 1393 1099 1447 illius
1119 1403 1148 1447 et
1165 1393 1274 1446 sacrilr.
1331 1381 1332 1414 ³

141 1495 145 1508 ·
226 1493 278 1547 gas
297 1479 467 1549 perditionis
485 1481 673 1551 operationes
689 1483 828 1554 patieris?
862 1481 936 1538 Non
953 1483 1012 1548 sic,
1035 1483 1201 1554 Spalatine,
1227 1499 1275 1535 nan
1329 1473 1332 1508 Τ

225 1569 287 1636 sic,
306 1569 463 1642 Princeps:
487 1571 542 1625 aed
560 1587 614 1641 pro
632 1570 738 1626 ovibus
758 1569 866 1627 Christi
885 1571 1081 1626 resistendmn
1099 1580 1147 1628 est
1164 1571 1275 1626 summit

222 1659 336 1714 viribus
355 1659 424 1728 lupo
442 1659 489 1716 isti
506 1661 702 1730 gravissimo,
727 1659 763 1715 ari
786 1661 959 1732 exemplum
983 1661 1120 1714 aliorum.
1155 1661 1275 1716 Proinde
1331 1657 1332 1686 ³

223 1752 309 1806 mitto
327 1751 458 1806 libellum
475 1753 504 1808 in
522 1767 590 1807 eum
603 1751 666 1823 jam
683 1760 834 1822 paratum,
852 1769 919 1806 cum
934 1753 1083 1806 venissent
1095 1751 1199 1807 literae
1212 1763 1275 1820 tuac,

223 1841 333 1913 quibus
350 1841 421 1897 nihil
438 1851 539 1898 motus
557 1857 643 1908 sum,
668 1851 701 1896 ut
717 1839 824 1914 aliquid
843 1851 1003 1896 mutarem:
1030 1858 1205 1912 quanquam
1230 1840 1275 1894 sub

222 1927 353 2004 Philippi
371 1933 516 1990 calculum
534 1933 739 2004 projeceram,
756 1941 790 1986 ut
807 1931 853 1986 ille
867 1939 1012 2000 mutaret,
1030 1919 1275 2003 quod'virleretar.

224 2021 276 2077 Tu
294 2039 365 2092 ergo
383 2039 466 2092 care,
483 2041 519 2077 ne
538 2023 648 2078 librum
664 2021 804 2094 Phiiippo
823 2039 883 2078 non
902 2023 1020 2092 reddas,
1037 2031 1086 2077 aut
1099 2023 1275 2080 dissuadeat:

225 2109 319 2167 lixum
337 2121 402 2182 cst,
420 2121 449 2166 tc
466 2126 527 2165 non
546 2113 675 2168 auditura
693 2111 738 2177 iri.

292 2199 385 2276 Quod
403 2216 475 2254 vero
493 2201 569 2254 male
587 2202 688 2256 audire
706 2217 762 2258 nos
780 2211 850 2256 cutn
867 2201 978 2258 nostris
997 2201 1150 2274 cogimur,
1175 2205 1221 2258 vel
1245 2199 1275 2256 ab

195 2305 201 2318 ¹
226 2289 415 2354 adversariis,
440 2290 486 2344 vri
509 2289 600 2344 nimio
615 2289 739 2345 civiliter
755 2291 948 2363 prudentibus
966 2294 993 2348 ia
1017 2310 1050 2346 rc
1074 2293 1189 2358 divina,
1213 2293 1275 2346 nihil

225 2379 350 2436 debuisti
374 2380 508 2447 anoveri,
533 2395 601 2434 cum
627 2381 704 2435 scias
729 2381 880 2437 Christum
898 2391 927 2435 et
943 2382 1126 2451 Apostolum
1143 2401 1204 2438 non
1225 2383 1276 2452 pla.
1332 2433 1333 2440 ,

224 2471 323 2524 cuissc
341 2467 523 2524 hominibus.
558 2469 668 2546 Neque
686 2469 765 2540 enim
784 2471 883 2526 adhue
908 2470 1015 2538 audio,
1041 2481 1164 2528 nostros
1189 2469 1276 2544 aliqua

224 2560 331 2629 flagitio
344 2559 493 2626 accusari,
511 2559 563 2613 sed
582 2569 696 2615 tantum
713 2565 868 2615 contemtu
887 2559 1042 2632 impietatis
1061 2571 1091 2617 et
1108 2563 1277 2633 perditarum
1332 2618 1333 2626 ,

226 2649 445 2706 doctrinarum:
471 2665 638 2721 quanquam
651 2651 801 2720 juveniles
819 2649 864 2704 isti
882 2659 984 2706 molus
997 2639 1031 2711 Ι“)
1057 2667 1118 2706 non
1137 2655 1277 2722 placeant,
1332 2639 1333 2710 J

226 2740 278 2811 qui
295 2739 417 2794 Antonii
434 2739 562 2808 legatum
579 2741 656 2794 male
674 2747 871 2810 acceperunt:
901 2741 956 2795 sed
980 2742 1047 2813 quis
1065 2742 1205 2797 omnibus
1221 2759 1277 2798 our.

225 2832 255 2885 ui
272 2829 343 2884 loco
362 2842 390 2883 et
401 2841 541 2900 ternpore
558 2830 675 2884 frenum
693 2830 823 2899 injiciat?

293 2923 340 2974 An
357 2919 397 2974 illi
414 2919 485 2974 nihil
502 2935 634 2990 unquam
653 2916 805 2988 designant
828 2919 916 2973 mali?
949 2917 989 2974 Et
1007 2922 1141 2994 discipuli
1159 2925 1278 2978 tulerunt
1332 2911 1333 2917 ἵ

225 3007 323 3063 Judae
342 3007 514 3064 ischariotis
533 3011 746 3082 opprobrium,
771 3019 801 3064 et
824 3010 986 3081 quotidie'
979 3029 1009 3065 ru
1025 3013 1277 3068 communitatibus

226 3101 363 3156 feruntur
384 3099 461 3154 mali.
497 3098 558 3154 Soli
580 3115 638 3155 nos
661 3115 784 3165 sumus,
809 3097 957 3170 aquibus
982 3087 1126 3170 exigitur,
1148 3122 1185 3158 ne
1207 3106 1277 3158 canis

227 3190 341 3244 mutiat.
377 3188 532 3256 Obsecro,
554 3206 593 3244 ne
617 3205 737 3260 speres,
762 3205 816 3245 nos
841 3189 992 3261 apologias
1010 3192 1132 3261 singulis
1151 3193 1279 3258 reddere,

162 3321 164 3326 .
228 3282 336 3356 quibas
355 3281 521 3353 displicebit
537 3281 766 3351 Wittembcrga:
784 3283 853 3353 quid
870 3283 949 3338 eninr
966 3284 1200 3354 impossibilius?
1287 3349 1289 3353 ,

262 3389 263 3392 ’
295 3373 369 3430 Nou
387 3382 455 3428 ruet
477 3373 543 3426 ideo
562 3369 772 3440 Evangelium‚
798 3372 931 3443 sialiqui
955 3385 1092 3429 nostram
1116 3379 1278 3446 peccantia

228 3465 424 3522 modestiamr
441 3462 490 3536 qui
508 3471 607 3516 autern
625 3461 788 3517 alienantur
804 3461 941 3531 averb'o,
959 3463 1015 3520 hac
1027 3479 1134 3536 causa,
1149 3483 1279 3524 nour-cr.

281 3719 302 3766 ll
317 3713 376 3760 Cori.
389 3714 482 3758 Jeru-
457 3724 579 3770 -pacem
591 3712 711 3769 publicam
724 3711 848 3760 arbitraris
863 3716 888 3761 el
903 3715 1043 3781 turbapdam
1058 3719 1105 3764 clc.

230 3817 450 3836 m

201 3883 210 3940 ,’
238 3877 251 3904 ·’
281 3888 309 3936 ‘l
336 3885 383 3934 tua
385 3881 528 3939 tribuatis>
546 3885 694 3938 &tabentes
688 3885 813 3940 uurulru
833 3886 860 3933 tu
880 3887 1037 3944 scutarius
1063 3890 1121 3940 “aar
1139 3891 1165 3943 tlt
1181 3890 1232 3938 aler
1245 3889 1279 3936 tn

232 3961 325 4016 legatus
339 3955 458 4014 hutouiil

159 817 164 826 ,
226 773 307 826 mas,
326 758 364 814 ita
381 767 413 814 ut
431 775 492 814 non
509 761 606 814 solum
624 761 807 829 distulerim,
825 761 879 818 sed
897 772 925 817 et
941 763 1094 816 statuerim
1109 759 1199 815 vobis
1216 757 1277 814 nibil
1329 787 1331 794 ⁴
