2736 4564
568 302 669 368 eset.
737 273 739 284 ’
1107 297 1148 366 ts
1180 315 1213 337 ··
1247 354 1250 370 .

82 469 253 529 provocare
271 455 418 511 caelibum
436 459 471 512 ad
488 459 625 529 nuptias,
642 469 701 514 tum
720 457 815 514 inlidis
833 468 862 515 et
878 443 999 514 incertis
1019 459 1149 532 Scriptu.

80 545 144 613 ris,
169 557 204 601 ut
227 559 332 618 postea
350 549 600 617 conscientiarum
620 561 760 622 perpetuu
778 552 972 616 divexentur,
1001 561 1028 603 et
1047 553 1149 622 pejore

79 651 171 707 quem
188 654 290 716 princ,
308 645 418 694 cruce?
456 641 538 714 Opto
556 653 585 694 et
601 655 657 710 ego
676 639 850 696 caelibatum
869 642 996 696 liberum
1016 641 1099 708 lieri,
1111 644 1148 696 si.

78 726 337 797 cutEvangelinm
350 730 453 798 exigit:
472 732 525 786 scd
543 732 697 802 quomodo
715 731 740 784 id
756 733 915 802 adstruam,
930 735 1063 786 nondum
1077 734 1148 786 satis

78 817 153 872 scio.
189 815 303 872 Verum
330 817 439 874 frustra
464 819 539 873 haec
562 835 690 879 moneo:
716 821 788 876 nolit
814 822 890 876 forte
914 837 1001 876 suum
1026 837 1149 876 cursum

77 908 247 974 remorari,
265 908 363 978 itaque
381 909 520 964 sinendus
544 919 598 964 est.

145 997 240 1052 Mitto
265 999 444 1068 explicatum
475 998 607 1054 breviter
630 999 731 1054 locum
755 998 925 1066 dohennis,
953 1011 986 1055 ut
1011 1001 1148 1056 voluisti:
1182 1029 1197 1042 ··

79 1097 201 1142 vestrae
227 1087 389 1142 industriae
416 1087 470 1142 erit
493 1089 521 1142 in
548 1089 618 1143 loco
646 1091 851 1146 commodiore
870 1107 1031 1158 ¹reponere.
1067 1091 1149 1146 Num

79 1195 138 1246 ego
155 1195 220 1232 non
238 1189 325 1233 teneo
345 1179 487 1233 memorie
506 1189 601 1234 totum
615 1195 801 1250 sermonem:
821 1181 957 1251 suspicor
967 1191 1083 1244 nutem,
1100 1195 1149 1234 me

79 1269 154 1323 sutis
172 1267 296 1412 copipse
314 1279 398 1333 antea
415 1269 490 1326 liaeo
507 1270 636 1337 dixisse,
666 1283 697 1325 ut
716 1269 890 1360 abnndantia
914 1273 967 1326 istu
985 1287 1045 1326 non
1064 1272 1150 1326 luerit

80 1377 159 1430 opus
177 1361 237 1416 tort
256 1375 315 1415 sse.

145 1450 200 1504 De
227 1451 364 1520 patientia
389 1443 447 1504 mel
464 1449 543 1506 exilii
560 1451 632 1506 nihil
651 1451 692 1506 sis
710 1452 853 1510 solicitus.
888 1449 959 1506 Mea
978 1451 1058 1505 enim
1076 1433 1149 1506 nihil

78 1541 188 1606 refert,
204 1540 257 1594 ubi
275 1539 329 1594 ubi¹
342 1557 443 1610 egem:
469 1543 560 1597 modo
579 1559 639 1596 non
658 1543 713 1597 sim
726 1545 854 1598 tandein
868 1559 1016 1597 onerosus
1035 1551 1064 1596 et
1084 1557 1149 1596 mo.

16 1695 32 1714 ‘
77 1632 174 1692 leston
199 1629 250 1685 his
269 1629 451 1686 bominibus,
486 1631 647 1687 Neminem
665 1633 743 1686 enim
761 1633 870 1686 vellem
889 1645 942 1702 per
959 1623 1007 1698 me
1021 1617 1150 1700 ''greveri

78 1724 218 1777 Omnino
237 1733 334 1776 entem
345 1713 456 1789 credo,
473 1739 522 1777 me
540 1722 591 1776 hic
610 1741 697 1794 agere
712 1725 847 1781 alimonia
867 1735 896 1778 et
910 1724 1051 1794 expensis
1064 1723 1151 1778 Prin.¹

77 1814 154 1884 cipis
173 1813 288 1868 nostri:
307 1812 417 1882 alioqui
435 1829 471 1866 ue
489 1813 595 1868 horem
615 1814 734 1886 quidem
753 1813 801 1868 hic
819 1797 1029 1878 subsisterenn
1046 1813 1072 1868 si
1092 1811 1151 1866 sci.

78 1921 146 1958 rem
170 1902 264 1971 hujus
290 1903 343 1958 viri
360 1901 390 1968 ”)
416 1921 464 1958 me
490 1921 669 1959 consumere
688 1903 905 1970 substantiam,
931 1919 1101 1974 qumquem
1120 1912 1151 1957 et

78 1991 215 2047 hilariter
232 2003 261 2047 et
278 1992 403 2048 libenter
420 1995 520 2047 omnia
538 1993 609 2047 mibi
623 1985 776 2046 ministret.
812 1992 874 2046 Scis
893 1995 989 2056 enim3
1008 1993 1106 2061 quod,
1125 1991 1150 2045 si
1199 1995 1202 2012 ⁸

81 2085 250 2154 cujuspiam
278 2099 351 2153 opes
375 2083 541 2156 perdendae
566 2093 656 2150 sunt,
684 2082 856 2153 Principum
880 2081 1045 2150 perdendae
1064 2081 1152 2135 suntr'

81 2177 166 2248 quod
179 2175 353 2246 Principem
372 2191 458 2239 esse,
486 2183 515 2228 et
531 2193 591 2229 non
610 2175 705 2246 eliqua
724 2185 806 2244 purte
824 2174 972 2228 latronem·
988 2185 1073 2238 esse,
1099 2181 1150 2227 eut

77 2283 165 2332 non,
184 2275 233 2320 out
248 2266 299 2319 vix
318 2263 459 2336 possibile
478 2275 547 2330 est,
566 2281 662 2336 eoque.
679 2264 843 2333 majorem,
869 2281 929 2334 qun
948 2264 1045 2328 major
1060 2247 1169 2317 Ρνίιι.Ι
1241 2321 1246 2328 ,

77 2372 154 2427 ceps
178 2357 274 2410 luerit.
309 2356 359 2430 'lu
387 2355 463 2410 bene
488 2357 610 2422 leceris,
640 2356 665 2410 si
694 2371 742 2408 me
769 2356 804 2408 de
828 2353 1029 2409 hoccertnm
1047 2353 1147 2408 iacies.

78 2445 166 2502 Nem
183 2461 223 2499 ex
240 2443 303 2500 hoc
319 2443 518 2500 ltominetam
537 2445 646 2499 liberali
664 2444 742 2499 nihil
754 2445 1072 2514 intelligere-possum:
1093 2443 1147 2497 nisi

77 2537 162 2610 qnod
181 2552 197 2588 c
214 2535 368 2606 marsupio
385 2536 535 2608 principali
555 2551 601 2590 nte
615 2545 770 2590 sustentet.
805 2534 859 2588 Sed
878 2535 922 2588 sie
939 2547 982 2588 est
996 2533 1146 2602 ingenium

76 2643 196 2694 meum,
214 2635 248 2681 ut
264 2637 396 2681 metuam
414 2638 481 2680 esse
498 2641 658 2698 onerosus,
676 2624 724 2678 nbi
739 2625 815 2679 forte
828 2639 973 2680 onerosus
985 2643 1046 2678 non
1062 2639 1154 2693 sume
1189 2697 1190 2702 ἵ
1224 2627 1227 2634 “

77 2726 170 2789 atque
187 2717 400 2772 hoc-metuere
418 2711 505 2772 etiarn
523 2717 607 2770 dccet
624 2715 778 2769 liberalem
795 2715 935 2794 animum.

145 2809 199 2864 Fui
218 2808 355 2880 proxima
373 2807 441 2861 seria
459 2808 589 2861 secundo
608 2807 635 2860 in
653 2807 810 2860 venatione
828 2805 945 2859 duobus
965 2805 1085 2871 diebus,
1103 2805 1147 2858 vi..

76 2915 170 2954 surus
188 2899 371 2968 voluptutem
388 2897 466 2951 illem
483 2899 610 2952 heroum
627 2891 818 2970 γλυκύπικρον
849 2895 981 2967 cepimus
1005 2896 1080 2948 duos
1105 2895 1145 2948 le.

76 3006 173 3064 poree
182 3029 193 3056 ,
210 2999 241 3044 et
256 2989 369 3060 aliquot
385 2988 550 3058 perdiculas
568 2989 707 3042 miseras:
726 2987 843 3056 dignam
864 2988 1145 3057 profectooceupa:

77 3083 193 3137 tionem
219 3078 377 3134 hominum
403 3079 577 3135 otiosorum.
620 3077 858 3146 Theologisabar
889 3077 974 3152 etipm
1002 3075 1144 3130 introiet
1219 3071 1224 3082 ’
1289 3093 1296 3104 ·

78 3172 154 3226 retia
168 3180 196 3225 et
207 3187 314 3226 cenes:
331 3185 365 3223 ac
378 3180 518 3241 quantum
532 3169 689 3240 voluptatis
698 3167 724 3232 ²)
737 3167 830 3231 attulit
842 3167 959 3236 species
973 3165 1020 3222 illa
1033 3181 1147 3229 rerum,

76 3273 195 3317 tantum
212 3260 431 3316 misericordiae
449 3269 478 3314 et
491 3259 603 3314 doloris
620 3260 740 3314 miscuit
752 3257 936 3330 mysterium.
972 3257 1050 3332 Quid
1065 3255 1141 3310 enim

78 3355 135 3408 ista
154 3352 266 3422 imago,
281 3352 338 3407 nisi
356 3350 518 3406 Diabolum
533 3349 683 3419 significat.
697 3367 749 3420 per
765 3349 883 3404 insidias
901 3363 972 3402 suos
991 3357 1019 3399 et
1036 3345 1143 3415 impios

78 3445 241 3513 magistros
258 3459 346 3496 cenes
364 3458 449 3508 suos,
465 3443 574 3496 seilicet
591 3445 748 3513 episcopos
767 3453 795 3494 et
812 3437 983 3506 theologos,
1001 3447 1141 3502 vertentes
1212 3419 1216 3432 ⁸

78 3536 223 3590 innoxias
237 3535 306 3587 istas
323 3531 483 3586 bestiolas?
519 3531 616 3585 Nimis
632 3539 838 3602 praesenserat
854 3527 881 3592 ³)
900 3527 1069 3608 mysterium
1081 3527 1142 3582 huc

78 3619 283 3680 tristissimum
302 3624 338 3678 de
356 3621 508 3700 animabus
526 3621 709 3694 simplicibus
727 3629 756 3674 et
774 3618 920 3674 fidelibus
963 3687 965 3692 A

80 3737 614 3762 m—-n———a-——n—-b
996 3761 1001 3771 ι

85 3785 88 3792 ¹
118 3807 570 3882 Ι.9.)Αιιτὶῑ,,0()(1..Ιειι.νοῑιψξίε.
597 3809 725 3873 sistet„
745 3817 934 3868 praesenseram.
1013 3858 1017 3866 ,

77 3928 277 3946 -ῌ

128 3991 153 4054 *l
167 3986 221 4042 un
234 3983 494 4052 &ultiimrtuonttb

104 4192 115 4216 Ι
