2662 4564
140 319 169 357 2
241 317 304 392 att
392 334 444 416 7
515 271 529 283 ’λ
688 275 815 382 'sos

290 475 447 554 Quarto,
465 474 553 534 sicuti
564 476 746 551 pneseotias
762 444 911 530 lre'ctenos
927 469 984 540 iit,
1000 468 1050 544 qui
1063 468 1161 526 missit
1175 436 1260 539 etrigi.

154 617 158 636 2
240 568 289 628 liis
313 559 525 636 interfuerunt,
550 567 725 624 distributae
751 574 823 623 suut
847 575 877 621 et
901 559 1073 620 absentibus
1095 564 1259 633 coperculo

240 663 335 718 morlo
351 651 625 716 distribuuntur'vel
643 637 813 713 sulerdntur
829 656 882 725 iis,
901 656 951 728 qui
964 650 1141 712 lectionibus
1157 653 1259 708 interdu.

28 759 29 766 ’
133 759 140 776 ¹
183 825 188 832 Ι
241 753 301 832 rint
317 751 364 806 vel
383 751 538 806 defuerint.
573 749 621 804 Sic
636 748 705 816 fiet,
722 757 754 803 ut
766 747 940 824 praesentiis
958 746 1016 802 frui
1033 743 1147 817 possint
1161 743 1261 808 etiami,

206 834 209 840 ’
240 843 293 918 qui
311 844 350 916 pii
368 858 436 897 esse
454 842 579 914 volunt,
607 837 719 912 quibus
735 839 1005 902 hactenus'nemm
1032 834 1089 890 uisi
1109 834 1205 904 impius
1218 850 1262 887 esst

241 935 352 1002 vellet,
371 933 428 989 frui
446 931 557 1002 potuit:
575 932 614 986 ita
631 943 731 986 temrn
748 927 813 986 sine
826 943 918 1000 opere
933 928 983 981 vel
1004 913 1104 982 offitio
1117 940 1197 978 nemo
1209 937 1263 978 nort

218 1024 224 1036 ’
243 1025 378 1094 furetur,
396 1023 446 1096 qui
464 1022 643 1078 lectionibus
661 1018 779 1078 scilicet
795 1019 957 1074 inservient
974 1015 1142 1072 liberaliter.

309 1111 443 1188 Quinto,
461 1112 591 1174 chorum
608 1105 757 1166 minorem
774 1110 803 1165 in
821 1109 970 1182 quendam
987 1105 1125 1160 ordinem
1141 1103 1217 1174 redigi
1230 1113 1264 1158 ut

241 1221 370 1278 prorsus
396 1204 508 1258 aboleri
525 1199 665 1273 oportet,
687 1211 720 1256 ut
743 1201 794 1273 qui
812 1213 937 1270 prorsus
962 1209 993 1254 et
1010 1197 1111 1253 solum
1128 1193 1185 1254 hoc
1198 1196 1262 1264 cogit,

243 1303 277 1350 ut
293 1295 436 1364 virginem
457 1293 582 1348 Mariam
600 1293 680 1348 colet
696 1289 900 1346 medietricem
915 1288 987 1343 loco
1005 1286 1139 1342 Christo.

311 1386 422 1454 Sexto,
447 1383 532 1438 lestis
552 1391 583 1438 et
607 1381 766 1438 dominicis
782 1372 897 1436 (diebus
922 1395 981 1434 uns
1003 1379 1098 1434 ruisse
1116 1375 1264 1444 delebitur,

227 1545 229 1548 Ι
244 1473 534 1546 communicantibus
550 1473 606 1541 iis,
629 1471 679 1546 'qui
697 1469 806 1543 alioqui
824 1469 953 1527 libenter
969 1467 1126 1525 celebrare
1140 1468 1223 1524 solent
1235 1477 1265 1520 ut

243 1566 366 1622 vellent.

656 1649 697 1710 ‘R
711 1657 742 1708 ·A
760 1651 791 1708 T
809 1651 823 1705 l
841 1649 883 1708 0.

309 1743 416 1803 Primo
440 1745 477 1802 de
502 1745 606 1803 missa.
641 1740 734 1820 Quod
760 1743 822 1816 ipsa
839 1741 879 1798 sit
898 1757 996 1816 neque
1014 1737 1190 1798 sacrificinm
1201 1755 1265 1810 nequ

152 1836 158 1857 ⁸
244 1845 343 1906 opus,
366 1835 495 1910 probent
516 1835 610 1890 verbu
635 1832 749 1890 Christi
777 1833 973 1899 instituentis,
1001 1824 1111 1888 deinde
1137 1811 1265 1900 exemplos

239 1925 383 1998 ipsorum
397 1927 616 1999 Apostolorum
627 1925 854 1997 primitivseque
866 1923 1022 1981 Ecclesiae
1034 1925 1142 1980 totius.
1165 1921 1264 1991 Denique

245 2026 407 2088 quaeretur
429 2017 465 2086 ab
490 2016 656 2084 missstiis,
683 2016 750 2087 quis
774 2016 813 2072 sit
834 2029 908 2069 usus
931 2016 980 2088 pel
1002 2015 1125 2072 intonas
1149 2013 1265 2068 missum

245 2109 392 2163 errorum?
409 2106 437 2163 si
456 2107 603 2176 (fixerint,
620 2123 676 2179 pro
694 2095 829 2179 peccatis
847 2105 999 2162 abolendis
1017 2106 1068 2160 rel
1080 2103 1143 2162 Dei
1159 2106 1224 2160 erto
1235 2113 1265 2155 ers

216 2225 219 2230 ·
244 2197 367 2267 haberi,
385 2193 544 2254 ulmiieste
561 2207 641 2276 patet
660 2195 811 2269 impietus,
830 2211 901 2252 cum
917 2197 1010 2251 modo
1027 2211 1125 2252 unum
1142 2196 1177 2252 sit
1190 2190 1266 2249 sutrii.

244 2286 328 2344 oium
353 2305 408 2360 pro
430 2286 585 2344 abolendis
610 2289 765 2360 peccatis,
786 2267 907 2360 *nempe
940 2286 1104 2356 Christus,
1141 2285 1186 2360 qui
1205 2279 1266 2338 senei

245 2377 364 2435 oblatus
389 2387 454 2444 est,
477 2379 563 2449 cujus
588 2393 695 2434 omues
712 2377 874 2452 participes
893 2375 1062 2433 efficiuntur
1078 2395 1140 2434 nou
1156 2374 1267 2448 operando

97 2453 98 2460 ἵ
186 2484 189 2492 ’
245 2484 345 2539 neque
369 2465 579 2539 sacrificando,
605 2469 659 2524 sed
686 2469 838 2524 credendo
865 2469 961 2522 solum
987 2479 1042 2540 per
1057 2467 1192 2523 verbum.
1218 2461 1268 2518 litis

245 2557 397 2613 sacrificio
421 2559 548 2628 addere,
572 2544 790 2630 tanquam'non
815 2554 991 2614 exhauserit
1014 2558 1152 2613 omnium
1167 2563 1267 2629 peccatu

244 2645 456 2720 blasphemum
475 2658 530 2706 est.
565 2648 733 2719 Stetigitur
750 2651 913 2718 sententis,
937 2658 986 2704 ortt
1002 2640 1118 2706 Christi
1133 2657 1267 2704 morteto

244 2753 314 2794 csse
339 2740 433 2795 delete
451 2748 573 2813 peccate
589 2739 758 2812 praesentis
782 2749 812 2795 et
836 2741 953 2808 futura,
977 2749 1029 2796 aut
1049 2741 1180 2796 missam·
1190 2732 1268 2793 sarni.

244 2829 329 2884 oium
354 2827 496 2902 aut'op'us
521 2847 578 2906 pro
595 2829 725 2902 pecturis
751 2845 898 2885 essenon
918 2845 1020 2901 posse.
1058 2829 1123 2886 Usu
1145 2823 1267 2884 enimldti

244 2935 301 2992 per
316 2923 440 2975 missum
464 2919 648 2989 exercitato,
671 2934 755 2975 mors
774 2917 885 2974 Christi
908 2920 970 2974 sois
987 2931 1181 2992 peccatorum
1195 2914 1269 2972 victrix

246 3019 277 3063 et
294 3007 399 3064 ellicex
416 3009 446 3064 iu
461 3009 550 3066 nobis
569 3009 627 3080 sit,
643 3025 705 3064 non
722 3021 821 3091 sutem
838 3025 932 3082 opere
951 3020 1001 3065 eut
1015 3010 1180 3066 sscrilioio.

313 3099 469 3168 secundo,
497 3099 533 3155 de
550 3099 657 3170 vigiliis
676 3109 707 3156 et
724 3100 839 3156 Sanctis
856 3098 934 3154 hoec
953 3109 1000 3156 est
1016 3100 1113 3169 ratio,
1133 3095 1207 3172 quod
1219 3092 1269 3168 peri

243 3191 346 3246 culum
362 3191 400 3246 sit
418 3197 530 3246 tentare
547 3192 698 3264 quippiam
721 3192 751 3248 irt
768 3207 802 3247 re
819 3207 904 3247 soora
931 3199 961 3246 et
972 3211 973 3214 ¹
986 3207 1090 3246 coram
1108 3191 1193 3258 Deo,
1215 3181 1270 3258 (1¹¹⁰d

243 3289 362 3337 certum
375 3281 580 3338 testimouium
592 3266 622 3336 et
636 3281 810 3355 exemplum
822 3281 853 3336 in
865 3281 1028 3352 scripturis
1040 3297 1101 3337 non
1114 3279 1210 3343 hebet,
1223 3287 1270 3329 cum

157 3385 166 3410 ·-
240 3371 273 3427 in
292 3372 345 3441 iis,
364 3387 440 3445 quse
458 3383 539 3428 certe
557 3381 644 3440 suut,
669 3373 742 3428 setis
760 3372 799 3429 sit
814 3371 913 3428 adhuc
931 3365 1101 3443 imperfecti
1120 3381 1150 3428 et
1164 3367 1223 3426 mali
1236 3381 1270 3418 ro

108 3467 113 3482 '
201 3509 203 3512 .
244 3456 314 3518 str‘ii
332 3473 362 3518 at
379 3463 560 3520 demortuis
577 3477 605 3520 st
622 3461 1195 3535 sancrisnihitbabetorinstripoots.
1222 3457 1270 3514 litt

245 3554 384 3624 quemvis
402 3553 519 3628 privato
537 3553 654 3610 affectui
671 3553 836 3628 spiritualis
851 3551 909 3610 viri
927 3551 1138 3624 indulgendum
1155 3551 1204 3619 sit,
1219 3543 1269 3600 utin

242 3641 293 3710 ilis
310 3651 367 3700 suo
384 3635 473 3699 ser'rsu
491 3643 636 3703 abundet:
653 3651 752 3705 temera
770 3645 955 3700 menifestum
973 3653 1003 3699 et
1020 3641 1170 3716 publicem
1185 3633 1270 3706 religio·

212 3731 214 3735 ’
242 3733 314 3788 uem
331 3733 361 3789 in
376 3731 428 3790 his
444 3735 573 3794 tolerare
590 3734 756 3804 nonlicet,
774 3745 900 3808 propter
915 3733 1088 3790 scandalum
1106 3729 1269 3802 ignorantium

143 3835 152 3846 ⁸
244 3833 276 3879 et
293 3823 506 3896 iulirmomm‚-
525 3825 576 3898 qui
593 3825 655 3882 buc
673 3827 793 3884 effluunt
810 3827 911 3884 relicte
927 3825 996 3883 lide.
1030 3825 1147 3894 Deinde
1164 3823 1270 3892 strepeti²

243 3923 315 3970 sont
336 3927 478 3989 utreque,
504 3916 586 3989 quod
611 3915 711 4000 signis·
726 3913 930 3974 mendacibus
945 3925 975 3972 et
990 3915 1112 3990 privatis
1130 3913 1268 3985 Scriptum

241 4001 420 4062 testimoniis
436 4003 609 4064 introducta
619 4015 702 4064 suun
857 4018 867 4038 ·
