2674 4570
776 190 784 222 ι

507 257 598 322 ιιιι.
726 253 728 259 ’
1018 253 1080 324 ιιι
1114 249 1125 288 ”

37 415 82 472 ιιι
97 415 184 472 aliena
201 414 374 486 offerretur,
391 417 446 474 scd
461 433 567 472 omues
579 415 721 487 suscepit.
755 413 794 472 Et
811 413 882 488 qnid
899 414 1003 484 pluent
1019 411 1081 469 Te.

37 506 155 570 simonia
172 517 201 560 et
216 508 356 577 exempla
368 507 457 562 totitas
469 507 638 582 Scripturas
657 517 735 564 stant
750 523 766 560 a
783 505 839 562 lide
852 505 959 569 aliena,
977 505 1005 559 id
1023 512 1080 576 esi,

37 597 168 668 apropria
187 597 260 672 lide,
278 615 353 670 quae
371 598 506 670 impetret
522 598 604 654 alteri
622 597 727 665 fidem,
742 607 773 652 et
790 597 930 668 quicquid
949 597 1043 650 volet.

88 687 172 744 lloc
160 688 252 756 agitur
267 699 369 750 restat
386 707 422 744 au
434 688 568 746 Ecclesia
581 691 682 744 credat
696 659 825 760 p'arvulis
842 687 954 744 infundi
972 664 1080 744 iidem?

37 776 103 834 Nam
125 777 162 832 de
182 777 319 840 Ecclesia
343 781 476 836 fortassis
498 781 574 836 haec
599 779 749 852 quaestio,
776 795 838 836 non
857 779 893 832 de
914 777 969 832 lide
988 777 1080 846 aliena

38 878 76 922 aut
96 867 219 924 efficacia
236 870 301 940 ejus
321 871 456 926 vertitur.
489 870 574 927 Fides
601 871 692 928 aliena
717 869 858 943 quicquid
879 869 990 941 possit,
1016 885 1079 926 nort

38 960 300 1048 estdisputandum‚
309 979 385 1026 cum
403 965 501 1020 omnia
513 965 572 1021 sint
586 963 736 1035 possibilia
752 961 895 1018 credenti.
929 943 1011 1016 llae'e
1028 977 1080 1014 au

36 1063 86 1104 tem
100 1043 229 1122 quaestio
247 1064 294 1109 ast
310 1053 346 1109 de
364 1056 462 1122 lactc,
488 1071 550 1112 ιιοιι
575 1053 712 1124 dejure:
741 1052 898 1108 nonenim
914 1058 1077 1124 possumus

38 1141 182 1214 disputare,
198 1159 236 1198 an
253 1141 388 1200 Ecclesia
398 1143 523 1200 deberet
538 1145 680 1212 credere,
696 1117 809 1200 infundi
827 1143 958 1216 parvulis
977 1141 1078 1210 iidem,

37 1246 92 1286 cum
107 1243 280 1302 potestatem
295 1232 433 1294 habeat
427 1252 456 1290 in
472 1243 566 1294 totum
584 1247 646 1290 ιιοιι
663 1233 825 1306 baptisandi
843 1234 985 1305 parvulos
994 1273 1004 1302 ,
1020 1249 1081 1302 npc

39 1333 73 1378 est
92 1323 169 1378 loeus
185 1325 371 1397 scripturae,
399 1325 448 1396 qui
466 1342 532 1380 eam
557 1336 644 1394 cogat
667 1324 730 1382 hoc
752 1324 894 1392 credere,
918 1326 994 1380 sicut
1010 1331 1080 1380 suut

38 1413 141 1466 afiorum
157 1414 360 1470 articulorum.
396 1413 478 1489 Quid
502 1416 590 1486 igilur
607 1417 749 1472 faciemus
767 1416 835 1472 liic?
858 1414 910 1484 jus
928 1431 989 1470 non
1006 1431 1079 1487 pro.

37 1501 142 1559 bamus?
157 1503 245 1560 fidem
269 1505 337 1576 quis
354 1506 453 1562 videt?
475 1506 510 1560 ad
529 1507 751 1562 confessionem
766 1509 851 1576 igitur
867 1506 1014 1573 eundum,
1039 1504 1079 1560 si.

39 1593 137 1662 quidem
152 1610 203 1648 cre
220 1595 421 1652 confessio‘iit
437 1596 472 1650 ad
497 1595 632 1655 salutem.
667 1595 732 1651 lam
755 1597 823 1670 quid
842 1596 1002 1658 confitetur
1017 1595 1079 1651 Ec.
1150 1575 1155 1594 Ι

40 1685 126 1752 clesia,
148 1699 177 1740 se
194 1686 320 1740 credere
338 1687 366 1740 in
383 1687 443 1740 hoc
462 1687 605 1750 articulo?
624 1684 742 1744 Nonne
768 1704 878 1760 pueros
897 1688 985 1744 etiam
1009 1703 1078 1744 essc
1156 1705 1159 1712 ’

40 1775 170 1858 participes
193 1775 411 1830 beneficiorum
430 1777 555 1832 Christi?
577 1777 725 1848 Objicitur
743 1793 832 1832 vero:
850 1777 958 1849 quidsi
976 1781 1079 1847 Angit.

41 1865 131 1931 stiuus,
154 1875 182 1921 et
196 1883 275 1946 quos
291 1865 455 1924 Ecclesiam
472 1883 562 1923 vocas
587 1867 635 1922 vel
650 1885 717 1942 esse
732 1869 846 1936 credis,
874 1867 903 1922 in
919 1867 977 1920 huc
996 1877 1084 1938 parte.
1109 1863 1144 1946 ⁶.

41 1954 164 2010 errarint?
183 1957 261 2030 Quis
276 1969 376 2012 certos
394 1973 450 2012 nos
466 1959 571 2022 faciet,
594 1975 663 2012 cum
678 1958 805 2030 probare
819 1973 881 2012 non
898 1970 1078 2029 possumus,

41 2042 130 2097 debere
149 2063 211 2100 eam
228 2046 273 2101 sic
288 2048 428 2106 credere?
455 2051 496 2103 At
514 2049 617 2102 eadent
637 2047 766 2120 objectio
785 2047 1014 2120 impugnabitur.
1049 2047 1082 2118 Si

42 2151 88 2187 non
99 2135 389 2210 jus,ta1nenlactum
405 2141 523 2210 proprie
540 2139 701 2202 credendi'
694 2156 722 2192 ιιι
736 2137 883 2194 Ecclesia.
906 2135 988 2214 Quis
997 2139 1078 2196 enim

42 2227 207 2294 certeseia,
232 2229 434 2302 Augustinum
451 2229 610 2284 credidisse
626 2229 820 2298 Trinitatem,
847 2229 873 2286 si
893 2224 1086 2316 confessioni,

43 2314 92 2384 ejus
108 2335 164 2374 nun
181 2321 331 2380 creditur?
358 2321 585 2378 Confessionern
607 2323 673 2392 ejus
694 2333 796 2378 certus
817 2338 885 2378 sum
908 2339 1077 2380 consonare

41 2380 200 2478 Scripturas,
226 2413 281 2466 sed
301 2428 370 2466 eum
392 2393 535 2479 credere,
556 2413 633 2468 sicut
653 2411 826 2480 confitetur,
845 2429 913 2468 sum
933 2413 1078 2470 incertus.
1128 2413 1133 2418 ’
1183 2489 1188 2502 Ι

40 2493 93 2566 Ego
106 2516 173 2554 vero
190 2497 278 2556 video
293 2503 319 2556 id
339 2502 476 2570 singulari
492 2503 636 2559 miraculo
654 2504 712 2560 Dei
730 2505 858 2568 iactum,
877 2515 911 2558 ut
926 2504 1011 2560 solus
1025 2489 1080 2559 hic

41 2587 157 2644 articulus
173 2591 207 2644 de
226 2591 357 2662 parvulis
375 2591 554 2664 baptisandis
576 2608 728 2665 nunquam
742 2595 829 2648 fuerit
846 2605 968 2661 negatus
984 2609 1022 2648 ne
1039 2593 1078 2650 ab

40 2672 173 2736 haereticis
188 2683 326 2769 quidem:
347 2683 421 2737 adeo
435 2684 513 2738 nulla
530 2692 575 2738 est
591 2685 742 2740 confessio
758 2684 858 2740 iilius
851 2701 880 2738 ιιι
895 2685 1083 2766 oppositum,

42 2747 83 2822 ιιι
99 2785 113 2822 e
129 2783 226 2828 contra
245 2773 337 2828 totius
351 2773 437 2828 orbis
457 2774 608 2828 confessio
631 2787 770 2829 constans
789 2785 819 2828 et
840 2792 897 2828 una
916 2775 950 2829 ad
967 2791 1079 2858 propo-

44 2857 122 2915 situm.
153 2863 234 2942 llauc
253 2873 352 2918 autc-m
373 2863 594 2918 confessionem
613 2881 721 2934 negare
743 2880 810 2920 esse
830 2865 983 2920 Ecclesiae
1001 2849 1079 2921 illius

43 2961 113 3004 verae
137 2967 164 3008 et
188 2956 353 3023 legitimae,
385 2955 546 3010 arbitror'
539 2955 744 3028 impiissimum
774 2971 852 3010 esse.
890 2955 975 3010 idem
1000 2955 1083 3012 enim
1144 2989 1145 2993 ι

43 3039 99 3096 niti
113 3044 221 3100 videtur
238 3057 327 3118 atque
344 3045 510 3102 Ecclesiam
529 3063 648 3116 negare,
669 3063 756 3114 cum,
774 3048 798 3102 si
812 3065 874 3102 ιιοιι
891 3057 984 3118 esset,
1002 3048 1080 3103 haec

43 3127 157 3188 Ecclesia
170 3135 282 3208 absque
296 3137 385 3191 dubio
403 3137 558 3207 aliquando
576 3137 705 3192 dedisset
721 3138 900 3192 contrariam
914 3140 1080 3194 confessio.

43 3233 200 3288 nem,.cum
222 3225 294 3282 fides
319 3227 471 3280 Ecclesiae
489 3243 638 3298 nunquam
663 3241 725 3282 non
749 3227 851 3294 luerit,
878 3237 907 3284 et
925 3244 1079 3300 nunquam

43 3325 91 3366 non
112 3317 239 3372 confessa
265 3317 369 3384 luerit,
399 3317 608 3390 quodcredit.
643 3317 733 3373 Plura
758 3317 930 3390 insapiens
957 3335 997 3374 ex
1022 3307 1080 3374 ista
1136 3354 1143 3366 -

44 3403 180 3460 occasione
196 3409 315 3479 capies„

98 3494 166 3550 Cum
186 3497 271 3568 igitur
290 3497 325 3562 ad
343 3497 524 3570 baptismum
541 3487 647 3553 'afferre
666 3515 726 3554 non
749 3499 787 3554 sit
810 3495 905 3566 aliud,
932 3515 1021 3570 quam
1042 3497 1079 3555 ad

47 3576 178 3642 Christum
195 3599 379 3658 praesentem
402 3597 429 3644 et
451 3605 555 3644 manns
572 3589 679 3658 gratiae
697 3589 875 3661 aperientem
896 3588 1080 3662 internatas,

47 3669 123 3742 lene,
144 3689 172 3732 et
190 3679 236 3736 ille
260 3681 407 3744 universis
431 3679 575 3750 exemplis
599 3679 782 3744 ostenderit,
812 3695 880 3736 sese
905 3691 1077 3752 acceptare,

46 3766 109 3829 quud
126 3769 258 3827 offerturi
276 3788 330 3825 cur
347 3769 396 3824 bic
413 3769 600 3827 dubitamus?
631 3769 740 3824 Saltem
758 3767 819 3824 hoc
836 3769 992 3844 prophetis
1015 3773 1078 3828 istis

49 3849 212 3924 abstulimus,
231 3862 401 3934 ne'possint
420 3876 472 3916 sua
493 3860 636 3931 probare,
655 3875 724 3914 cum
745 3859 821 3930 desit
840 3859 882 3914 eis
903 3863 1078 3932 exemplum
1139 3861 1153 3874 ⁸
1210 3926 1220 3950 Ι

48 3951 70 3993 et
89 3947 291 4022 testimonium,
323 3951 409 4008 nubis
430 3961 530 4006 autem
555 3951 649 4008 adsint
677 3949 841 4007 testimonia
869 3959 897 4005 et
922 3951 1078 4026 exempla,
