2736 4564
577 61 597 108 ἱ
632 103 636 109 .

546 299 645 373 isat.
1087 307 1128 379 {9

56 463 99 533 (si
110 461 306 522 sanctissimis
326 463 474 522 bullarum
492 464 683 540 pontificibus
701 465 865 536 credimus)
882 481 1007 540 peccare
1024 459 1128 526 liceret

56 555 88 610 in
105 559 238 636 tatanem
255 572 365 628 usque.
415 539 421 552 ’

123 645 244 702 Vereor
260 659 377 715 autem,
394 663 432 704 ne
450 649 520 703 dum
538 650 575 706 da
592 650 682 720 gratia
698 659 727 704 et
743 648 883 722 operibus
906 647 995 704 bouis
1013 649 1130 704 sortiter

56 753 247 807 pugnamus,
272 737 391 794 interim
413 750 442 794 et
466 740 557 810 gratia
582 750 611 796 et
627 739 769 812 operibus
791 755 847 795 noa
866 741 946 812 ipsos
964 741 1127 811 privemus.

55 827 125 898 Ego
143 829 265 901 quidem
282 829 404 884 intuitus
420 829 448 900 1)
472 829 623 888 horrenda
638 831 693 886 ista
710 832 771 886 irae
788 839 948 902 tempora,
969 831 1047 886 aliud
1064 847 1128 888 nun

56 929 150 990 peto,
165 935 257 991 quam
274 929 308 976 ut
323 919 429 976 deutur
444 923 542 978 luntas
560 913 704 994 aquarum
722 922 810 994 capiti
825 937 909 991 meo,
925 930 958 976 ut
974 922 1044 976 llere
1058 930 1129 993 pot.

58 1009 120 1066 sint
135 1010 335 1066 vastationem
350 1011 437 1066 iatam
461 1011 652 1068 novissimum
670 1011 854 1082 annuarum,
881 1028 970 1084 quan
987 1025 1128 1083 operatur

57 1115 185 1170 regnum
210 1101 289 1155 isttul
317 1103 429 1172 peccari
453 1113 484 1157 et
497 1103 682 1198 perditionis.
716 1103 805 1160 Sedet
821 1113 992 1175 portentum
1010 1103 1129 1159 Rornae

54 1191 88 1246 in
103 1191 206 1245 medio
222 1189 397 1261 Ecclesiae,
423 1203 452 1248 et
468 1193 598 1250 venditat
615 1209 648 1248 se
665 1209 720 1266 pro
737 1193 825 1260 Deo,
842 1191 995 1248 adulantur
1011 1191 1128 1264 pontifi.
1197 1237 1205 1260 ,

55 1297 130 1350 ees,
148 1281 358 1355 obsequuntur
373 1283 546 1356 sophistae,
564 1295 592 1340 et
608 1283 679 1340 niltil
698 1301 759 1340 non
776 1291 832 1356 prb
850 1301 888 1340 eo
905 1284 1013 1338 farciunt
1028 1284 1128 1357 hypo..

54 1373 160 1428 eritne.
203 1357 329 1444 lpterirn
353 1373 484 1428 infernas
508 1373 606 1430 dilatat
631 1373 758 1428 eitimam
788 1389 892 1442 suam,
920 1385 950 1428 et
974 1374 1066 1446 aperit
1091 1389 1128 1430 os

56 1477 149 1518 suum
172 1463 285 1536 absque
308 1464 452 1532 termino,
478 1473 508 1519 et
533 1465 606 1521 ludit
621 1467 707 1522 Satan
723 1465 752 1520 in
771 1463 934 1536 perditione
953 1465 1128 1522 animarum.

57 1553 128 1608 Nec
146 1555 176 1608 in
191 1555 280 1610 nobis
299 1563 364 1624 est,
390 1556 441 1626 qui
459 1556 537 1612 serio
554 1566 584 1611 et
601 1573 670 1610 cnm
686 1555 814 1612 lacrimis
831 1564 890 1612 stet
907 1556 935 1610 in
953 1555 999 1611 die
1017 1556 1130 1612 luroris

56 1644 171 1714 hujus,
186 1656 217 1700 et
231 1655 365 1717 opponat
381 1661 414 1700 ae
430 1661 549 1700 murum
566 1663 621 1716 pro
641 1647 743 1702 lsrael.
778 1645 856 1702 llinc
873 1647 980 1717 plenus
999 1646 1129 1716 indigna.

59 1735 144 1790 tione
162 1737 193 1791 in
209 1736 283 1790 istos
301 1735 461 1806 sacrilegos
479 1737 640 1804 Latomos,
657 1739 707 1810 qui
725 1737 753 1791 in
769 1735 818 1792 lais
835 1737 918 1792 seriis
932 1735 1132 1807 sophisticam.

59 1836 123 1893 tur,
140 1837 171 1880 et
188 1843 244 1881 nos
261 1827 386 1881 meliora
403 1813 613 1895 intermittere,
639 1836 669 1881 et
690 1827 753 1884 cuir
771 1828 881 1884 insanis
898 1827 1017 1884 insaniis
1036 1843 1129 1882 occu.

60 1917 121 1986 pari
139 1928 265 1986 cogunt,
280 1918 432 1988 imprecor
449 1918 478 1972 in
491 1917 662 1972 durissimas
681 1935 786 1974 eorum
800 1919 913 1973 frontes
931 1919 1017 1973 illud:
1036 1919 1132 1974 Eru-
1217 1975 1226 1984 ,

61 2003 190 2062 herrant
212 2014 243 2061 et
259 2005 493 2063 conturbentur
509 2023 619 2064 omnes
635 2007 759 2066 inimici
783 2007 862 2076 mei,
894 2015 1127 2064 convertantur
1179 2025 1184 2032 ·

64 2103 95 2149 et
110 2095 298 2154 erubescunt
314 2098 427 2156 subito.
689 2095 696 2102 ”

123 2187 239 2246 Sed'ne
256 2169 392 2259 longiore
410 2188 535 2260 epistola
564 2197 733 2256 remorer,
759 2187 794 2242 ad
812 2187 1000 2244 Latomianac
1017 2189 1131 2261 praesa.

63 2279 151 2335 tionis
168 2281 266 2352 capita
285 2280 341 2336 alio
358 2279 505 2352 principio
519 2259 717 2354 respondebo.
751 2277 801 2336 Tu
817 2279 1012 2340 interim.hoc
1029 2281 1133 2348 melin
1210 2282 1213 2290 ’

62 2381 88 2424 te
105 2370 196 2426 animi
212 2369 418 2430 testimonium
435 2385 583 2439 agnosce,
610 2378 638 2424 et
655 2385 727 2440 roga
745 2369 913 2426 Dominum
930 2385 985 2442 pro
1003 2385 1070 2438 me,
1096 2379 1131 2428 ut

20 2449 21 2462 ¹
62 2461 169 2533 etipse
186 2461 298 2517 liberer
314 2462 431 2532 amalis
449 2463 510 2532 (sic
528 2459 607 2516 euim
622 2475 706 2516 nunc
723 2461 818 2514 audeo
836 2475 906 2516 cum
916 2459 1080 2532 Apostolo)
1098 2469 1130 2518 et

62 2551 225 2608 infidelibus
251 2551 457 2622 hominibus„
475 2551 525 2623 qui
549 2561 618 2606 sunt
642 2550 672 2606 in
688 2551 743 2606 ista
760 2542 933 2622 Babylone,
962 2559 993 2604 et
1019 2551 1130 2608 ostitutt

61 2639 131 2695 milti
161 2641 371 2714 aperiaturin
402 2639 519 2702 laudem
544 2639 655 2711 gloriae
680 2640 789 2708 gratiae
814 2636 965 2710 Evangelii
993 2639 1043 2695 lilii
1074 2641 1131 2698 aui.

62 2730 115 2785 Sed
139 2740 172 2786 et
198 2747 255 2800 ego
272 2730 442 2786 Dominum
466 2747 540 2797 oro,
566 2738 598 2783 ut
622 2727 775 2799 impartiat*
791 2726 842 2784 tibi
864 2727 999 2800 spiritum
1022 2744 1129 2799 suum,

63 2839 120 2893 quo
156 2821 320 2879 decretales
351 2819 524 2878 Antichristi
552 2817 824 2892 pestilentissimos,
853 2818 959 2892 quibus
984 2819 1130 2880 docendis

64 2915 213 2968 inundatus
231 2929 264 2968 es
277 2909 308 2982 ⁸)
321 2953 330 2980 ‚
357 2929 420 2968 non
436 2911 493 2966 alio
511 2911 606 2968 studio
620 2909 799 2982 profitearis,
817 2925 906 2982 quam
917 2891 977 2982 q'uo
990 2909 1040 2966 tibi
1054 2911 1128 2992 dixi.

65 3019 168 3076 nempe
185 3015 217 3058 ut
234 3003 275 3058 ais
295 3005 414 3069 Aaron,
437 3011 467 3058 et
484 2998 614 3056 vestibus
633 3001 742 3054 sanctis
760 2999 893 3066 indutus,
917 2997 980 3054 hoc
997 3009 1058 3067 est,
1085 2999 1129 3056 di.

64 3093 301 3164 vinisSeripturis
319 3093 460 3159 munitus,
477 3089 664 3174 apprehenso
683 3088 825 3148 orationis
842 3087 1004 3156 thuribulo,
1018 3106 1127 3161 proce.

65 3181 111 3236 das
133 3183 164 3237 in
181 3197 345 3238 occursum
368 3181 522 3236 vastatoris
540 3181 646 3252 hujus,
670 3179 700 3234 in
717 3179 848 3235 medium
865 3178 1033 3234 incendium
1051 3179 1128 3236 istud

67 3272 251 3339 Romanum,
270 3289 332 3344 quo
351 3271 458 3342 flagrat-
467 3269 549 3324 orbis
566 3269 740 3341 propediem
759 3269 816 3326 alio
834 3267 971 3326 incendio
988 3267 1024 3324 de
1038 3269 1125 3326 coelo

67 3379 114 3432 per
127 3365 287 3418 adventum
304 3361 461 3418 Salvatoris
478 3363 591 3428 nostri,
610 3375 700 3432 quem
718 3367 930 3432 expectamus,
952 3357 1126 3428 extinguen-

31 3493 32 3501 t
70 3453 139 3510 dunt.
166 3443 239 3523 lta,
258 3455 298 3509 mi
315 3453 423 3520 frater,
441 3454 549 3518 facito,
567 3463 598 3508 ut
615 3451 724 3506 doceas
743 3449 919 3520 dediscenda
937 3463 1021 3514 esse,
1047 3466 1141 3522 quae.
1212 3433 1225 3444 ’

32 3535 34 3618 Ἰ
69 3541 167 3614 doces,
184 3557 213 3601 et
231 3545 326 3601 sciant
342 3543 476 3613 fugienda
493 3543 570 3598 sicul
586 3543 757 3608 mortifera,
782 3554 979 3612 quaecunque
997 3539 1078 3610 Papa
1096 3551 1128 3597 et

70 3631 193 3704 Papistae
211 3638 342 3690 statuunt
359 3649 393 3688 ac
409 3634 547 3689 sentiunt.
583 3632 660 3688 Cum
677 3632 758 3710 euim
774 3631 804 3690 vl
820 3627 1045 3704 conponimur
1061 3629 1124 3688 hoo

114 3823 132 3872 tl
144 3819 158 3864 J
163 3832 207 3868 en.
220 3789 324 3866 insutus.

73 3921 258 3942 *numan-0

115 3977 293 4070 ‘l'sstnat‘nar
306 3989 373 4052 urat.
387 3991 425 4040 art
439 3987 585 4046 canentiam
597 3973 705 4074 tlrdgn
718 4015 719 4022 κ
795 3954 804 3996 ³
