2672 4568
208 279 268 342 150
689 279 778 340 1522.
1093 289 1106 316 1

221 420 279 494 ai.
298 427 433 504 maras
532 475 542 494 ,
563 419 569 452 ³
783 411 785 418 ’
812 409 815 416 '
970 431 1030 488 uo.
1048 429 1237 488 coenavi.

371 559 373 562 ⁵
434 659 440 669 χ
518 551 520 556 ’
597 585 881 664 stastatuta.

254 715 279 794 i.
292 744 377 796 tanseat
390 743 451 794 litat
464 743 666 796 ttusutrlateatuit
680 745 725 790 mit
735 745 801 790 'elau
815 743 966 796 aerbertum
986 741 1021 790 tta
1036 749 1060 788 tt
1072 739 1099 788 ia
1112 741 1163 787 tm
1175 735 1269 790 &dieb

200 819 247 866 tan
261 829 292 866 aa
305 820 347 865 tta
361 818 497 870 auritium
510 819 551 872 tat
565 819 705 872 attactum
718 817 812 870 mitta.
906 873 911 902 k

188 1073 191 1090 ·
228 1052 585 1118 lllttaaurilaherll.56.b.
611 1057 669 1110 mal.
684 1056 742 1102 Cod.
757 1055 812 1102 Jen.
827 1067 863 1110 aa
878 1054 895 1100 l.
906 1055 950 1102 1³5.
976 1049 1243 1123 Quildltailicldi

430 1129 431 1134 ’
670 1129 722 1174 XV.
736 1131 796 1178 2395.

204 1260 368 1318 Ministro
386 1261 523 1331 Christi,
548 1262 593 1318 D.
614 1263 755 1338 Georqio
773 1263 963 1336 Spoletina,
988 1277 1046 1316 suo
1072 1260 1108 1314 in
1125 1258 1266 1314 Domino

337 1367 339 1372 “
644 1353 766 1423 fratri.
787 1357 830 1422 ¹),

101 1506 108 1529 ,
139 1457 141 1462 ’
204 1422 356 1523 Salicem.
378 1467 470 1524 'Esse
488 1478 518 1524 te
535 1465 759 1540 Evangelistam
776 1469 909 1538 gaudeo,
927 1467 968 1521 mi
987 1466 1133 1539 spalatin,
1153 1475 1183 1519 et
1203 1481 1267 1531 oro,

202 1567 235 1636 ut
253 1559 405 1614 Dominus
427 1560 518 1627 ,faciat
540 1560 667 1640 verlpum
694 1569 778 1614 tuum
804 1561 932 1614 verbum
949 1557 1069 1612 virtutis
1096 1556 1125 1610 in
1143 1555 1268 1632 plenitu.

203 1648 311 1702 dinem,
322 1647 388 1703 fidei
405 1637 490 1718 tuae,
521 1661 550 1704 et
569 1667 674 1704 eoraim
693 1651 791 1720 quite
811 1649 941 1703 audiunt.
978 1647 1070 1721 Quod
1088 1663 1164 1700 vero
1182 1645 1267 1700 mira.

203 1738 265 1806 ris,
292 1741 348 1793 cu'r
364 1757 425 1794 non
440 1725 575 1794 dederim
594 1740 629 1794 ad
646 1750 676 1794 te
694 1739 812 1808 literas,
841 1719 1048 1808 argumentum
1066 1746 1114 1790 est
1131 1735 1267 1788 laodicae

202 1827 270 1882 fidei
294 1839 382 1899 tuae,
409 1831 493 1902 quasi
521 1831 589 1907 ideo
608 1831 666 1886 sim
691 1831 842 1899 offensus,
870 1831 938 1902 quia
961 1827 1050 1883 tacui.
1088 1825 1267 1898 Quanquam

204 1920 276 1991 quid
293 1922 419 1989 referat,
447 1923 471 1976 si
490 1923 622 1976 offensus
641 1922 680 1976 sit
699 1919 873 1989 Lutlrerus,
893 1937 963 1974 cum
980 1929 1011 1974 tu
1025 1919 1089 1988 jam
1108 1917 1152 1984 sis
1170 1917 1266 1988 dhaes,

202 2019 233 2064 et
250 2029 357 2079 regnes
377 2011 406 2066 in
424 2011 566 2080 Christ0,
585 2031 646 2084 quo
665 2013 733 2067 solo
752 2013 937 2082 gloriandum
956 2011 1022 2065 est?

267 2085 361 2156 Mitto
374 2102 425 2155 hic
438 2101 538 2157 literas
552 2102 794 2174 ad'Principem,
815 2102 843 2156 in
856 2101 964 2173 quibus
977 2111 1010 2155 ut
1021 2099 1114 2154 multa
1128 2098 1267 2153 incredu.

199 2191 289 2246 litatis
315 2192 439 2262 pavidae
466 2192 549 2263 signa
572 2193 720 2264 Princeps
747 2191 894 2260 ostendit,
921 2209 997 2264 quae
1027 2190 1183 2249 infirmitas
1205 2189 1266 2258 ejas

101 2306 102 2310 ¹
200 2283 322 2338 ferenda
341 2291 403 2350 est,
423 2284 461 2336 ita
478 2282 540 2336 hoc
557 2301 650 2338 uniam
667 2301 717 2338 me
741 2283 908 2339 offendebat
925 2283 1068 2350 verbum,
1093 2282 1177 2354 quod
1198 2281 1267 2334 Cae

194 2388 300 2447 ¹sarem
327 2391 422 2443 cogor
447 2375 610 2445 appellare:
639 2372 720 2434 mein
747 2369 962 2444 auctoritatate
979 2373 1067 2440 detti
1093 2387 1166 2425 clun
1195 2371 1267 2425 sciat

93 2497 97 2504 -
167 2514 169 2522 ,
201 2463 297 2531 orbis,
315 2479 384 2520 esse
397 2464 471 2518 mihi
483 2464 733 2534 infensissimum,
750 2475 778 2521 et
790 2467 871 2540 hunc
885 2465 988 2519 fucum
999 2463 1198 2519 manifestum
1209 2477 1269 2516 om.

200 2571 256 2609 nes
284 2555 432 2610 ridebunt.
468 2555 586 2612 Tamen
612 2574 668 2626 ego
692 2557 792 2628 potius
820 2555 908 2610 rideri
935 2555 1006 2610 volo
1034 2563 1063 2609 et
1087 2553 1150 2608 luci
1169 2553 1267 2622 argui,

202 2661 304 2716 quam,
318 2646 486 2710 infinnitati
503 2646 655 2718 Principis
681 2645 855 2714 resistere,¹
870 2645 1087 2701 conscientiam
1114 2655 1218 2698 autem
1236 2642 1268 2694 ab

201 2735 261 2790 isto
279 2737 349 2815 laico
368 2737 413 2790 sic
432 2737 566 2804 redimo,
591 2737 673 2808 quod
690 2753 764 2790 usus
784 2747 813 2790 et
832 2737 927 2807 stylus
946 2735 991 2790 sic
1009 2735 1135 2802 habeat,
1164 2735 1269 2788 Caesa.

200 2843 266 2880 rem
281 2829 431 2898 appellare
443 2827 526 2882 velut
539 2827 662 2900 proprio
680 2827 801 2904 nomine
820 2837 849 2880 et
867 2827 953 2882 titulo
966 2827 1055 2880 etiam
1072 2826 1109 2880 ab
1128 2826 1188 2894 iis,
1209 2823 1268 2897 qui.

200 2916 259 2970 bus
284 2917 323 2972 sit
349 2917 582 2972 infensissimus.
617 2917 696 2972 Nam
723 2935 778 2987 ego
806 2901 896 2972 lucos
921 2917 997 2972 mire
1021 2917 1110 2985 odio,
1141 2927 1174 2972 et
1200 2916 1265 2971 satis

200 3007 328 3062 multum
345 3007 389 3062 eis
407 3009 549 3064 concessi
563 3009 727 3076 hactenus,
746 3008 903 3080 aliquando
917 3017 946 3063 et
962 3008 1098 3078 wallarici
1116 3019 1266 3080 praestare

201 3107 333 3170 oportet.
368 3098 420 3152 'I'u
446 3100 494 3152 fac
512 3115 582 3154 ores
601 3117 657 3170 pro
674 3115 740 3168 me,
772 3109 801 3154 et
814 3100 904 3169 juves
929 3103 1064 3154 satanam*
1086 3099 1180 3154 istum
1200 3116 1267 3153 con.

201 3191 339 3256 calcare,
359 3189 410 3260 qui
429 3205 468 3248 se
481 3190 578 3244 erexit
596 3189 834 3258 Wittembergae
849 3191 994 3244 adversus
1005 3189 1195 3260 Evangelion
1213 3189 1266 3243 sub

200 3281 323 3334 nomine
349 3280 518 3352 Evangelii:
548 3297 618 3335 cum
645 3283 760 3350 angelo·
776 3283 805 3336 in
833 3281 970 3352 angelum
995 3279 1073 3335 lucis
1098 3297 1194 3335 verso
1207 3279 1266 3350 jam

202 3388 379 3442 pugnamus.
415 3373 580 3427 Caristadio
608 3371 726 3427 difficile
746 3374 801 3426 erit
818 3389 910 3426 sensu
930 3373 1054 3439 cedere,
1079 3383 1107 3424 at
1125 3369 1264 3425 Christus

204 3473 293 3532 coget
311 3479 379 3516 eum
389 3503 397 3531 ,
417 3463 442 3517 si
455 3477 517 3517 non
532 3462 661 3526 cesserit
678 3473 795 3532 sponte.
829 3451 956 3516 Domini
969 3463 1047 3516 enim
1066 3477 1173 3517 smnus
1192 3463 1267 3516 vitae

192 3563 233 3607 ,et
250 3553 374 3621 mortis,
403 3555 453 3624 qui
473 3553 624 3607 credimus
651 3553 679 3606 in
696 3552 864 3606 Dominum
881 3552 959 3606 vitae
986 3563 1014 3608 et
1031 3553 1151 3608 mortis,
1188 3553 1266 3606 Alias

205 3641 288 3713 plura
298 3683 307 3709 ,
327 3659 409 3718 nunc
425 3643 491 3697 vale
510 3653 539 3698 et
557 3643 728 3696 confortare
747 3641 776 3696 in
793 3641 974 3720 ministerio,
994 3643 1075 3713 quod
1093 3641 1265 3714 suscepisti.

205 3733 308 3787 Altera
326 3733 486 3802 Gregorii,
505 3749 582 3786 anno
600 3731 745 3786 MDXXI
752 3731 774 3786 1.

392 3846 396 3856 ·
840 3823 926 3879 Tuus
945 3822 1093 3878 Martinus
1111 3822 1236 3880 Luther.
1256 3833 1272 3847 ·

188 3994 191 4000 ·
255 3996 276 4044 t)
295 3991 358 4043 siaa
372 3961 431 4037 ‘coa
445 3992 501 4037 sen.
571 4033 577 4038 .
