2660 4548
517 269 614 376 ma
865 339 869 350 ·
1023 307 1085 390 ssa

40 465 183 538 prodierat
207 479 261 535 sua
286 482 400 524 venena
422 467 621 541 profusurus,
648 477 683 526 ut
704 468 778 526 mihi
801 467 939 543 promisit
960 477 1086 542 accepto

40 557 130 610 etiam
153 571 243 614 aureo
267 573 390 614 nummo
414 551 706 631 ame,³quanqira1n
724 561 788 631 jam
810 560 957 632 potiorem
973 568 1087 632 partem

39 647 220 702 insulsorum
237 649 302 727 ejjas
318 658 560 719 argumentorum
571 657 696 704 teneam.
710 687 713 691 -
729 651 890 720 zwinglius
900 667 970 706 cum
982 650 1088 708 Leone

36 735 155 792 Judaeo
180 735 210 792 in
226 737 366 794 Helvetiis
385 753 454 794 cum
473 738 657 796 Carcietadio
679 740 783 796 eadem
801 741 945 820 sentiunt:
969 740 1009 794 ita
1031 741 1088 796 lato

39 830 132 900 serpit
146 825 208 884 boc
223 821 351 897 maium,
369 829 423 886 sed
440 829 576 888 Christus
594 839 715 900 regnat,
732 832 841 886 nedum
859 840 978 903 pugnat.
1012 831 1091 886 Mis.

37 931 102 971 sam
119 917 307 972 vernaculam
324 927 396 991 opto
413 919 505 990 magis
523 933 613 992 quana
637 921 795 991 promitto,
819 921 900 992 quod
923 921 1018 992 impar
1032 922 1090 1001 sim
1157 907 1163 930 ⁸

35 1003 112 1060 huic
129 1006 212 1078 operi
220 1013 240 1075 ‚'
249 1006 330 1080 quod
341 1007 486 1064 musicam
498 1005 587 1064 simul
605 1017 635 1064 et
647 1009 780 1080 spiritum
791 1009 954 1068 desiderat:
973 1009 1091 1066 interim

34 1095 177 1166 pemitto
193 1095 347 1168 quoslibet
358 1097 390 1152 iu
406 1111 498 1154 sensu
513 1107 570 1154 sua
588 1096 754 1167 abundare,
772 1097 867 1156 doceo
884 1099 1090 1176 alia-Christus

36 1185 161 1241 dederit.
875 1199 879 1206 ’

103 1331 184 1388 Mihi
200 1349 264 1390 nou
278 1332 354 1390 satie
375 1343 475 1392 natm
488 1335 619 1404 ructor,
646 1328 809 1394 concidam
833 1353 873 1392 ex
891 1338 1001 1393 nostris
1019 1337 1087 1410 copi

33 1439 93 1492 prc
110 1423 221 1480 unitate
236 1427 473 1480 ceremoniarum
490 1426 658 1492 statuenda:
677 1436 724 1481 eat
738 1427 818 1482 enim
836 1443 883 1482 tes
899 1427 968 1482 mali
986 1441 1090 1482 exem.
1148 1477 1153 1492 Ι
1237 1491 1241 1498 ,

33 1512 96 1582 pli,
114 1514 300 1584 quantumvis
317 1514 398 1570 bono
412 1513 477 1570 zelo
491 1523 619 1583 tentata,
637 1525 669 1568 ut
680 1515 808 1585 probant
825 1511 923 1570 omnia
934 1507 1090 1570 Ecclesiae

33 1605 165 1658 concilia
178 1605 205 1672 ¹)
223 1605 259 1660 ab
277 1605 368 1660 initio.
383 1602 385 1609 '
401 1603 445 1658 Ita
461 1613 495 1660 ut
512 1613 543 1659 et
560 1603 589 1658 in
607 1603 924 1674 apostolico'concilio
942 1605 1036 1659 ferme
1054 1604 1092 1658 de
1192 1605 1195 1614 ¹

31 1694 178 1764 operibus
204 1703 233 1748 et
256 1691 463 1748 traditionibus
482 1691 574 1760 magis
598 1707 688 1762 quam
712 1692 747 1746 de
771 1691 826 1748 fide
852 1693 890 1748 sit
915 1703 1089 1764 tractatum,

31 1785 66 1838 in
85 1783 301 1855 posterioribus
318 1797 393 1836 vero
410 1779 563 1854 nunquam
580 1779 616 1834 de
634 1779 711 1850 fide,
729 1781 782 1836 sed
794 1799 914 1856 semper
924 1781 960 1837 de
978 1781 1092 1858 opinio.

27 1873 124 1930 nibus
154 1881 184 1928 et
201 1869 431 1944 quaestionibus
457 1869 653 1941 disputatum,
670 1869 702 1936 ²)
734 1880 767 1926 ut
795 1865 867 1927 mihi
892 1873 1091 1930 conciliorum
1143 1944 1148 1956 ἱ
1173 1893 1175 1898 ·

28 1981 151 2020 nomen
167 1977 260 2036 paene
276 1971 337 2021 tum
354 1968 529 2032 suspectum
547 1968 576 2014 et
600 1958 726 2016 invisum
744 1959 799 2029 sit,
827 1979 914 2032 quam
931 1962 1091 2019 nomenti.
1189 2011 1192 2015 .

30 2053 106 2110 beri
131 2051 249 2106 arbitrii.
283 2051 312 2106 Si
336 2065 396 2117 una
409 2047 538 2106 ecclesia
556 2049 677 2104 alterum
694 2059 802 2130 sponte
817 2069 880 2106 ¹non
896 2053 960 2108 vult
984 2043 1091 2110 imitari

29 2145 68 2197 in
86 2141 219 2198 externis
246 2139 326 2210 istis,
351 2138 422 2212 quid
440 2153 516 2209 opus
539 2147 583 2192 est
601 2135 796 2194 conciliorum
814 2141 940 2224 decretis
959 2144 1043 2212 cogi,
1058 2142 1091 2213 ³)

29 2250 115 2306 quae
132 2248 207 2288 mox
224 2231 254 2288 iu
270 2232 351 2302 leges
379 2239 408 2284 et
424 2228 587 2284 anirnarum
604 2227 727 2301 laqueos
744 2233 1091 2308 vertuntur?,Imitetur
1186 2242 1194 2258 ¹

31 2341 111 2394 ergo
129 2325 217 2379 altera
234 2322 354 2378 alteram
371 2311 478 2388 libere,
497 2328 546 2374 aut
561 2317 622 2376 suis
633 2317 767 2376 moribus
780 2319 892 2376 sinatur
904 2321 978 2390 frui,
996 2321 1088 2380 modo

28 2416 131 2470 unitas
148 2414 269 2488 spiritus
287 2410 368 2468 salva
384 2409 422 2464 sit
439 2409 468 2464 in
484 2408 540 2463 fide
558 2417 587 2463 et
604 2407 716 2478 verbo,
734 2405 922 2482 quantumvis
940 2412 978 2470 sit
993 2413 1089 2470 diver.

30 2508 109 2564 sitas
127 2515 158 2560 et
173 2501 297 2560 varietas
315 2501 448 2556 incarne
466 2509 495 2554 et
511 2499 657 2553 elemento
674 2490 704 2567 ¹²)
721 2501 831 2596 mundi.

103 2651 201 2707 Credo
224 2659 253 2704 te
269 2647 380 2704 vidisse
398 2635 534 2718 Caeparis
551 2644 674 2701 Tauber
688 2645 845 2702 historiam
862 2650 997 2720 martyria
1016 2649 1090 2708 novi

30 2714 169 2799 Viermae
178 2782 189 2811 ‚
215 2755 306 2813 quem
322 2753 447 2792 caesum
460 2735 555 2808 capite
572 2734 706 2790 scribunt
731 2745 760 2791 et
784 2737 850 2805 igne
874 2749 1012 2795 exustum
1030 2757 1087 2814 pro

32 2835 134 2891 verbo
152 2832 222 2888 Dei.
256 2829 340 2886 Idem
356 2826 464 2882 accidit
480 2823 588 2880 Budae-
599 2825 628 2882 in
639 2825 767 2896 Ungaria
777 2823 955 2900 bibliopolae
969 2830 1087 2888 cuidam

30 2925 168 2992 donatii,
186 2921 272 2978 simul
290 2934 361 2974 cum
376 2917 458 2974 libris
476 2916 556 2970 circa
571 2917 754 2988 cumpositis
771 2929 894 2989 exusto,
912 2921 1087 2977 fortissime.

32 3034 99 3089 que
118 3029 206 3086 passo
223 3027 280 3084 pro
298 3007 444 3064 Domino.
477 3005 598 3074 Sanguis
615 3007 785 3074 sanguinem
803 3010 907 3079 tangit,
927 3013 977 3082 qui
994 3013 1088 3066 saffo.

33 3106 122 3162 cabit
140 3103 249 3174 Papam
273 3116 343 3155 cum
365 3096 485 3169 regibus
503 3105 532 3150 et
549 3095 645 3165 reguis
663 3098 735 3153 suis.
767 3095 838 3154 Vale
856 3111 885 3153 et
901 3119 952 3155 ora
971 3119 1024 3172 pro
1038 3117 1088 3156 me

34 3204 208 3270 peccatore.
241 3187 475 3256 witembergae,
493 3183 571 3256 fetis
584 3193 654 3256 post
669 3184 801 3254 Martini,
817 3201 894 3279 anno
906 3189 1088 3246 MDXXIV.

542 3417 546 3430 .
722 3337 873 3420 Martisue
889 3331 1062 3413 Lautumias„
1154 3299 1156 3304 Ι

36 3797 568 3827 Μ
597 3801 600 3812 t

93 3899 438 3975 atseieiaom'exemu
480 3911 657 3967 autaut
701 3892 949 3974 occasionem.
997 3914 1086 3970 osas

34 3990 248 4058 Medma:
380 3992 384 4006 x
426 4005 438 4014 ”
1072 4005 1076 4016 “

1212 1719 1216 1734 Ι
1261 1692 1266 1722 t
