2662 4564
800 212 808 242 l
975 195 1032 248 'l

958 252 1012 284 1‘*

507 288 620 365 ιιιι.
675 247 678 254 ’

45 409 165 515 Grati·
183 457 312 528 et‘par:
333 456 495 514 Clarissimi
513 457 575 514 Viri
594 475 628 512 ac
644 452 831 514 venerabiles
855 437 1023 514 iar'Chrieto
1040 454 1107 512 Do.
1141 495 1144 504 ,

46 546 133 600 ιιιιιιι.
168 543 323 620 Quoniam
338 547 476 619 equidem
494 563 533 603 ex
551 565 599 602 me
615 547 760 619 poscitis,
778 547 940 619 praescribi
959 546 1044 602 vobis
1063 547 1107 602 in.

47 635 186 690 stituttun
203 637 338 709 pietatis,
357 655 420 709 quo
436 628 621 710 temperetui
639 637 685 692 illa
703 647 801 692 vestra
813 638 994 694 mercenaria
1005 637 1108 706 religia

49 725 155 798 templi
172 727 281 792 vestri:
306 743 380 782 ecoe
397 729 477 800 quod
495 741 637 797 possum,
661 728 722 782 hoc
741 715 837 796 ficio,
862 727 937 782 nihil
955 725 1110 792 dubitans,

51 817 126 888 quin
141 817 221 872 inter
237 833 292 872 vos
309 819 388 886 sint,
412 817 462 890 qui
479 819 602 874 meliora
620 819 750 890 possint,
775 831 809 874 ut
826 817 876 889 qui
895 826 994 872 vestra
1011 815 1111 870 omnia
1172 849 1181 860 ·

47 908 160 962 melius
177 909 295 976 norint,
313 919 343 963 et
355 919 457 963 nostra
468 927 530 965 non
542 911 694 980 ignorant:
712 893 911 975 submittimus
924 921 1022 964 tamen
1034 909 1113 963 haee

44 997 162 1069 judicio
179 1007 281 1052 vestro
299 998 436 1054 libenter.
491 1007 493 1020 “

117 1087 270 1160 Imprimis
288 1088 314 1144 si
332 1089 370 1144 ita
388 1099 452 1164 ιιι,
479 1089 525 1154 (ut
546 1089 634 1177 aliqui
651 1091 744 1148 vestri
762 1099 907 1146 testantur
914 1093 938 1158 ,)
955 1091 1113 1166 missarum

48 1180 176 1236 istarum
193 1178 287 1234 chaos
304 1178 352 1234 vel
364 1196 501 1250 magnam
514 1171 617 1234 saltem
631 1183 747 1252 partem
758 1199 814 1253 pei
831 1181 970 1236 ebriosos
989 1191 1018 1262 οι
1036 1181 1114 1234 osci.
1146 1207 1151 1220 ·

50 1281 147 1324 rantes
170 1269 309 1326 homines
335 1269 574 1342 celebrari‚·qui
597 1285 723 1348 prorsus
748 1271 822 1344 nihil
839 1280 977 1342 spectant
997 1253 1052 1326 liisi
1069 1271 1114 1324 lu.

51 1361 263 1435 crum„quod,
276 1359 365 1415 boatu
378 1375 437 1414 suo
454 1369 504 1414 aut
520 1359 609 1414 officii
627 1361 673 1416 sui
691 1360 809 1439 ludrica
826 1371 963 1432 captant:
980 1361 1012 1416 hi
1029 1374 1115 1434 pror.

51 1467 107 1507 sus
125 1461 194 1506 sunt
212 1451 260 1506 vel
278 1451 477 1520 excludendi,
495 1452 597 1507 velad
614 1451 809 1508 sobrietatem
826 1451 963 1522 cogendi.
995 1453 1115 1508 Frustra

49 1541 132 1595 enim
148 1541 346 1612 praesumitur
363 1541 492 1596 officium
511 1551 560 1595 aut
577 1557 673 1616 opus,
700 1541 878 1613 praesertim
902 1541 930 1596 in
949 1541 1112 1610 redivina,

49 1630 102 1685 ubi
120 1645 288 1702 personae.
305 1638 447 1708 quantum
465 1627 527 1685 lieri
546 1640 666 1702 potest,
687 1647 748 1685 non
764 1629 930 1685 habeantur
947 1631 1081 1685 idoneae.

117 1715 276 1789 Secundo,
303 1721 440 1792 personia
465 1719 589 1778 idoneis'
606 1721 731 1776 retentis
756 1722 804 1776 vel
830 1721 929 1776 denuo
957 1722 1113 1790 assumtis,

50 1809 234 1882 abrogentur
258 1811 288 1865 in
304 1792 477 1866 universum
501 1826 617 1884 omnes
635 1810 747 1866 missae
773 1827 808 1865 ac
827 1809 944 1880 vigiliae
964 1825 1116 1868 mercena.

50 1905 131 1971 fiae,
147 1915 212 1960 non
228 1897 427 1966 advertendo,
443 1919 480 1958 an
497 1893 588 1974 aliqui
605 1901 704 1959 adhuc
715 1919 778 1958 nnn
795 1903 973 1972 intelligent,
991 1904 1038 1958 uel
1053 1921 1114 1964 non
1196 1935 1198 1940 ·

52 1994 218 2064 intelligere
242 1993 380 2074 possint,
404 1993 576 2066 missarum,
592 1993 712 2048 istarum
735 2009 825 2057 usum
850 2008 919 2050 esse
936 1993 1118 2064 sacrilegum

53 2097 84 2140 et
101 2077 331 2145 abominabilem
342 2126 351 2154 ,
362 2094 530 2158 'postquam
548 2083 619 2140 satis
637 2083 792 2150 audierunt
812 2093 842 2140 et
858 2083 996 2153 ridebant
1013 2085 1050 2143 de
1066 2085 1115 2140 hie

52 2175 144 2232 rebus
162 2177 257 2232 ferme
274 2184 337 2233 toto
356 2174 487 2230 biennio.
520 2174 630 2254 Neque
648 2174 704 2228 sub
722 2189 792 2244 rege
808 2173 896 2258 dosia
919 2190 1026 2230 omnes
1044 2191 1114 2246 pro.
1176 2239 1180 2250 ι

50 2267 163 2340 phetae
179 2267 250 2322 Baal
276 2266 474 2336 intelligebant
498 2275 551 2342 sua
574 2281 641 2320 esse
666 2265 775 2336 impia,
797 2281 875 2336 quos
894 2275 992 2320 tannen
1007 2265 1115 2322 desita

49 2350 113 2436 tion
131 2356 298 2429 spectabat,
321 2367 392 2414 c'um
409 2357 529 2414 illorum
546 2355 709 2414 idolatriam
726 2365 864 2413 vastaret.
896 2344 1025 2418 Deinde
1035 2352 1114 2412 aliud
1183 2351 1188 2360 ’

51 2457 102 2503 eet
118 2447 246 2504 tolerare
263 2447 422 2504 iulinnos'
415 2465 443 2518 ιο
461 2435 553 2506 rebus
569 2447 705 2514 neutris,
727 2441 808 2502 sed
801 2461 830 2502 ιιι
848 2447 940 2510 relius
957 2441 1110 2502 manilesta

50 2539 151 2609 impiis
175 2538 298 2610 impium
323 2548 371 2594 est
389 2537 520 2592 tolerare
528 2555 654 2611 ‚eaque
677 2537 824 2609 impietate
850 2548 969 2592 certum
990 2549 1037 2593 cst
1054 2552 1132 2594 noa·
1221 2561 1226 2568 ·

50 2645 177 2702 quoque
200 2629 318 2702 pollui,
345 2629 370 2685 ai
396 2627 500 2688 diutius
519 2579 673 2686 lerrenius
688 2628 835 2696 tacendo,
858 2629 947 2684 sicuti
964 2629 1133 2687 hactenus'

46 2723 207 2776 mouimus.
679 2735 682 2740 ·

115 2809 244 2880 Tertio,
267 2811 445 2896 matutinae,
468 2799 653 2880 vespertinae
677 2777 773 2892 herae
798 2809 1034 2881 completoritun
1049 2827 1111 2866 ma.

10 2927 17 2944 ι
44 2911 158 2972 neam,
185 2899 230 2960 nic
254 2909 354 2960 tamen
379 2910 412 2954 ut
434 2901 472 2956 de
488 2909 623 2972 tempore
633 2877 801 2978 cantilenae
821 2911 976 2957 cantentur
991 2903 1109 2974 solean,

46 3008 83 3044 ac
103 2991 142 3045 de
159 2977 247 3048 nullis
265 2990 413 3073 Sanctis,
426 2989 482 3076 nisi
500 3006 599 3064 quos
595 3009 612 3045 e
629 2971 784 3072 Scriptura
798 2991 956 3052 habemus.
989 2991 1031 3047 Et
1048 2992 1109 3046 eol.

44 3081 144 3138 lectae
154 3083 210 3144 vel
229 3083 357 3149 cantica,
375 3063 451 3154 quae
469 3093 578 3138 sonant
592 3083 775 3146 Sannorum
789 3083 950 3154 suffragia
957 3089 1111 3138 intuentur

45 3173 189 3232 collectis
207 3179 237 3229 et
254 3174 378 3230 canticis
397 3173 432 3229 de
450 3183 638 3249 tempore
867 3225 869 3230 .

113 3262 202 3318 Loco
228 3268 328 3336 autern
351 3265 512 3334 missarum
536 3263 588 3334 liat
603 3241 660 3321 suli
676 3265 828 3322 anettninia
854 3272 922 3320 ante
942 3258 987 3318 Te
1003 3260 1111 3318 Deum

42 3353 237 3428 laudamus,
254 3355 343 3428 lectio
360 3356 470 3410 veteris
484 3356 690 3424 Testamenti,
706 3371 790 3428 cum
793 3351 1022 3422 exhortatione,
1039 3370 1112 3425 epo-

42 3445 161 3502 stolico
183 3447 241 3520 n'tu
264 3456 293 3501 et
316 3427 577 3518 interpretatione,
598 3451 681 3502 ιιιι.
686 3439 769 3500 Cor.
786 3443 872 3502 XIV.
885 3443 1013 3514 legitur:
1031 3427 1111 3500 lianc

42 3545 183 3610 praestet
198 3537 393 3610 Praepositae
411 3537 460 3591 vel
477 3538 526 3608 qui
540 3538 700 3608 placuerit.

111 3625 241 3702 Vesperi
261 3627 363 3682 itidem
381 3611 472 3682 lectio
485 3615 774 3684 NoviTestamenti
781 3641 852 3681 cum
869 3624 1111 3694 interpretatione

41 3719 113 3786 fiat,
132 3733 224 3790 quam
243 3715 285 3772 D.
300 3689 510 3786 Ambsdorfius
527 3715 577 3774 vel
594 3711 827 3786 aliuepraeetat,
843 3715 933 3786 idque
949 3705 1113 3788 pulchrum

44 3815 131 3861 esset
149 3813 217 3862 ante
234 3806 444 3880 Magnificus
459 3807 521 3862 fieri
540 3805 608 3860 loco
623 3805 807 3876 hymnorum
823 3803 872 3860 vel
886 3815 956 3876 poet
967 3804 1109 3875 hymnos.
1155 3792 1158 3800 ¹

15 3927 19 3934 ·
43 3896 318 3966 completorium
305 3913 374 3966 Jure
392 3897 522 3954 ιιοιιιιιιιι
541 3907 572 3952 et
585 3887 742 3964 significati
763 3895 811 3950 sui
826 3903 901 3968 post
913 3903 1042 3950 coenant
1055 3903 1118 3953 ste.

48 3987 107 4044 tim
126 3996 193 4046 ιιιιιι
210 4001 352 4044 somnum
368 3987 512 4059 compleri
530 3983 701 4057 oportebat.
751 4017 755 4030 ι
