2706 4548
519 257 631 358 1525(
880 341 886 347 .
1024 277 1086 362 stt

200 441 244 498 D.
262 443 399 500 Nicoluo
415 435 620 514 Amadorfio,
647 461 704 502 suo
721 443 755 500 in
772 443 923 502 Domino.

35 541 151 642 Gruia
170 601 198 641 et
216 605 283 658 pax.
316 589 436 647 Novam
458 594 580 662 gloriam
601 593 674 648 mihi
701 591 834 659 nuntias,
856 591 896 646 mi
919 586 1086 655 stanton-,tt

35 677 116 746 1u0d
135 678 269 734 adulator
283 679 455 752 Principum
473 699 584 751 vocer,
606 683 708 754 quales
725 681 797 736 mrhr
814 673 921 752 lorias
938 679 985 734 lus
1004 677 1085 731 annis
1158 729 1165 742 ,

35 766 121 820 Satan
139 769 247 825 multas
265 771 431 826 concitavit.
465 771 531 840 Ego
556 789 629 827 vero
647 789 706 828 non
729 769 788 826 tam
805 772 1087 825 rnisereornostro
1100 817 1106 828 ,
1196 839 1198 846 Ι

35 872 101 910 arm
119 857 302 928 sciolorum,
329 860 378 931 qui
396 877 444 914 me
464 861 629 931 judicantes
651 877 739 916 ειιιιιιι
764 861 850 916 simul
869 859 1009 932 spiritum
1021 872 1088 913 san.

35 949 196 1014 :triremium
221 957 249 1003 et
272 949 445 1004 seditiosum
468 951 606 1022 produnt.
641 951 741 1024 Quare
762 951 874 1020 gaudeo
893 947 937 1006 sic
955 947 1096 1002 Satanuar

37 1037 174 1106 ndignari
200 1049 230 1092 et
247 1024 469 1109 blasphemare,
495 1040 612 1114 quoties
638 1056 718 1094 ame
736 1039 869 1121 tangitur.
903 1029 988 1112 Quid
1007 1037 1086 1091 eninr

35 1139 103 1178 runt
121 1127 177 1182 nisi
196 1126 314 1183 Satanae
332 1129 395 1184 illae
412 1147 522 1214 voces,
547 1127 653 1202 quibus
669 1139 718 1184 me
740 1140 771 1185 et
788 1127 973 1199 Evangelion
987 1126 1086 1182 trado.

35 1231 103 1270 :ete
121 1218 245 1274 nititur?
268 1218 324 1276 Sed
349 1221 398 1291 qui
421 1205 492 1277 eum
515 1221 601 1276 toties
623 1199 765 1276 hactenus
789 1217 844 1274 sub
861 1219 986 1292 pedibus
1009 1215 1085 1271 meis

35 1306 156 1362 sulcavit
173 1317 202 1362 et
219 1309 371 1377 contrivit,
389 1309 507 1365 leonem
524 1321 552 1366 et
568 1311 746 1375 draconem,
766 1327 826 1365 non
842 1309 920 1366 sinet
936 1307 1087 1364 etiamba.
1106 1331 1108 1336 ·

35 1393 166 1450 tiliacum
179 1411 269 1469 super
281 1415 327 1453 me
342 1399 472 1456 calcare:
490 1401 554 1465 sine
572 1400 675 1470 igitur,
691 1409 725 1455 ιιι
741 1399 855 1454 latrem.
888 1397 1000 1454 Nostra
1013 1413 1086 1452 con.

35 1485 158 1540 scientia
174 1497 233 1542 tuta
251 1497 313 1555 est,
329 1501 444 1544 rectum
461 1505 529 1545 esse
548 1505 650 1544 corum
664 1489 752 1556 Deo,
770 1489 849 1560 quod
867 1503 1019 1558 egressum
1040 1494 1085 1541 est

35 1591 74 1640 rr¹
97 1575 181 1642 labiis
199 1577 272 1633 meis
295 1578 324 1632 in
346 1577 404 1632 hec
427 1587 519 1650 parte.
553 1575 748 1648 crucifigatur
773 1578 859 1648 igitur
883 1587 913 1632 et
932 1576 1083 1648 displiceat

38 1665 83 1724 is,
108 1665 157 1733 qui
174 1663 408 1721 nostris'studiis
433 1677 461 1719 et
476 1665 559 1720 titulo
577 1665 730 1735 Evangelii
755 1666 849 1722 evecti
867 1658 953 1733 sunt,
978 1674 1010 1718 ut
1026 1681 1083 1719 nos
1170 1739 1172 1744 Α

35 1754 235 1820 ledecorent,
262 1755 339 1816 hauc
355 1754 476 1822 gratiam
494 1755 580 1812 nobis
605 1757 784 1824 relerentes,
811 1755 888 1810 sicot
904 1755 979 1809 solet
996 1771 1086 1824 gene.

35 1843 107 1896 atio
126 1841 265 1898 adultera.
300 1843 357 1898 Sed
373 1843 470 1898 evecti
487 1853 573 1910 sunt,
590 1856 623 1898 ιιι
640 1844 826 1914 dejiciantur,
848 1853 878 1898 et
894 1843 961 1898 finis
980 1859 1086 1898 eorum

35 1933 70 1985 rit
87 1932 234 1988 confusio.
266 1931 333 1986 Erit
349 1935 425 1987 torte
442 1941 576 2003 tempus,
592 1943 625 1988 ut
643 1943 671 1988 et
688 1933 759 1988 mihi
777 1934 862 1988 liceat
878 1932 990 1989 dicere:
1018 1949 1086 1988 oin=

35 2028 88 2076 'aes
107 2037 160 2076 uos
176 2021 366 2076 scandulum
380 2021 549 2095 patiemini
564 2022 599 2077 in
616 2022 681 2078 istu
698 2029 796 2080 nocte.
829 2021 856 2078 E
875 2033 996 2091 contra,
1023 2023 1085 2078 cito

35 2112 117 2166 abliti
129 2127 249 2180 sumus,
266 2127 341 2182 quae
353 2112 523 2183 accepimus
534 2111 621 2166 bona.
655 2111 693 2166 Et
705 2127 792 2183 quam
803 2111 921 2184 strperbi
934 2121 962 2167 et
976 2111 1084 2181 promti

35 2217 137 2256 sumus
150 2201 284 2271 judicare
302 2201 389 2271 etiarn
406 2217 477 2266 eos,
496 2194 634 2272 aquibus
652 2199 826 2263 didicimus?
852 2201 909 2256 Se'd
927 2202 1083 2268 Christus,

35 2292 83 2362 qui
108 2289 206 2362 strepit
226 2291 290 2344 sine
315 2299 418 2350 nostro
442 2289 581 2356 consilio,
613 2279 746 2360 perficiet
775 2305 852 2361 opus
879 2306 965 2356 suarm
997 2290 1084 2346 etiam

35 2389 136 2434 contra
155 2391 285 2434 riostrum
304 2377 473 2437 consilium.
507 2379 642 2432 Admone
667 2389 697 2431 ιιι
720 2377 807 2449 igitur
829 2379 953 2448 fratres,
976 2388 1009 2434 ut
1033 2379 1084 2450 qui

35 2470 178 2524 hactenus
204 2485 244 2523 ex
270 2466 431 2535 Evangelio
457 2467 544 2522 toties
569 2467 740 2534 audierunt,
774 2485 830 2524 nos
857 2484 924 2524 esse
947 2467 1031 2522 nihili
1057 2475 1087 2524 et

35 2576 157 2615 sensum
175 2559 271 2613 carnis
289 2555 397 2614 debere
417 2557 534 2621 occidi,
556 2573 594 2611 ne
619 2557 794 2627 praecipites
817 2557 875 2613 sint
891 2547 1032 2630 sapiendo
1057 2566 1087 2613 et

35 2666 155 2704 sensum
172 2648 269 2704 carnis
288 2645 468 2700 suscitando.
502 2645 587 2701 Deua
614 2657 674 2713 est,
705 2645 756 2718 qui
771 2655 920 2718 operatur
945 2663 1034 2720 supra
1056 2659 1086 2706 et

35 2751 137 2794 contra
155 2751 183 2793 et
200 2739 272 2793 intra
291 2748 319 2792 et
336 2747 436 2804 extra,
457 2751 545 2807 quam
561 2750 617 2791 nos
634 2750 739 2806 capere
758 2737 918 2806 possimus.

98 2842 205 2898 Venire
222 2843 257 2897 ad
275 2859 330 2897 voa
348 2842 430 2898 nullo
449 2842 538 2895 modo
557 2855 700 2911 possum,
724 2841 767 2894 sic
785 2839 934 2896 districtus
955 2851 984 2898 et
1000 2843 1081 2908 rarle

35 2931 181 3001 vocatus,
198 2931 267 2986 alias
284 2931 355 2985 nihil
373 2931 503 2984 facerem
521 2929 669 2984 libentius.

99 3035 166 3108 Ego
184 3038 228 3092 sic
247 3037 362 3104 sentio,
385 3035 493 3093 melius
511 3049 578 3088 esse
603 3049 707 3089 omncs
724 3036 852 3092 rusticos
870 3035 968 3104 caedi,
995 3053 1084 3109 quarn

35 3119 193 3202 l‘rincipes'
212 3135 240 3180 et
256 3125 461 3194 magistratus,
487 3141 523 3178 eo
542 3123 622 3196 quod
642 3125 744 3180 rustici
762 3125 827 3180 sine
852 3125 1004 3180 autoritate
1020 3125 1083 3182 Dei

35 3218 159 3286 gladium
177 3213 331 3286 accipirmt.
366 3213 466 3288 Quam
484 3207 778 3284 nequitiam·Satarrae
800 3215 883 3286 sequi
900 3233 960 3270 non
983 3224 1084 3288 potest

35 3307 89 3361 nisi
108 3322 187 3362 mera
203 3305 328 3362 satanica
343 3305 463 3358 vastitas
480 3303 559 3372 regni
576 3301 657 3370 Dei,
685 3311 715 3356 et
731 3304 831 3376 mundi
847 3303 1013 3376 Principes*
1028 3305 1083 3360 etsi

35 3397 201 3464 excedunt,
218 3405 317 3450 tamen
328 3393 455 3464 gladium
474 3393 628 3463 autoritate
642 3391 701 3448 Dei
714 3402 830 3470 gerunt.
865 3393 910 3447 lbi
924 3381 1084 3468 utrumque

35 3503 160 3555 regnum
177 3487 339 3562 consistere
357 3493 473 3555 potest,
498 3498 589 3553 quare
607 3481 685 3536 nulla
703 3481 921 3551 misericordia,
938 3485 1016 3540 nulla
1034 3503 1084 3557 pa.

35 3577 133 3631 tientia
151 3573 266 3630 rusticis
284 3575 422 3638 debetur,
437 3571 500 3645 'sed
519 3572 560 3626 ira
578 3581 607 3626 et
624 3557 787 3644 indignatio=
798 3573 858 3626 Dei
880 3583 910 3627 et
926 3573 1084 3632 horninum
1129 3642 1133 3651 ι
1155 3559 1157 3570 ’

36 3667 90 3731 iis,
115 3665 165 3736 qui
192 3681 261 3722 non
276 3661 630 3736 acquiescuntruouitis,
655 3678 712 3718 nec
736 3661 841 3716 obt-uis
865 3665 1082 3756 conditionibus

38 3747 223 3826 aequissimis
246 3751 372 3817 cedunt,
406 3751 459 3805 sed
483 3751 580 3803 furore
604 3748 722 3802 Satanae
745 3751 812 3804 solo
834 3763 959 3821 pergunt
984 3757 1084 3812 omnia

37 3846 183 3911 miscere,
209 3841 309 3913 quales
326 3848 394 3894 simt
412 3839 457 3894 isti
473 3837 648 3908 Thuringici
667 3851 693 3890 et
713 3838 895 3894 Franconici.
923 3824 993 3898 llos
1011 3862 1082 3915 ergo

35 3933 230 4006 justificare,
233 3931 345 3986 trorum
368 3928 521 3998 misereri,
546 3929 600 3985 illis
625 3929 742 3996 tatere,
762 3940 815 3984 est
833 3929 936 3988 Deum
958 3951 1081 4004 negare,
