2736 4564
223 253 264 324 al
674 216 877 324 ·1s'21.'=

288 415 330 484 At
345 417 385 474 iIIi
402 415 513 476 ethnici
529 425 629 486 erant,
646 417 742 490 inquis
754 416 912 473 :sednon
929 410 1047 481 orabat,
1064 417 1099 466 ut
1116 407 1217 468 fideles
1232 409 1286 466 tie..

223 517 312 576 rent,
330 511 382 565 sed
399 519 433 564 ιιι
450 498 551 566 ειέειιι
569 508 808 564 et'subsisterent
826 507 855 583 in
871 493 956 580 paee}
989 506 1062 562 Non
1079 503 1153 559 mihi
1167 517 1285 573 persua.

223 595 329 669 debis,
355 615 444 672 posse
468 601 632 656 orationem
650 597 751 670 juberi
775 598 812 654 ab
831 597 982 670 Apostolis
1000 604 1030 650 et
1046 585 1206 666 Prophetis
1228 611 1283 664 pro

207 689 256 744 'iis
271 689 363 745 rebus
373 731 385 759 ‚y
400 707 477 762 quae
493 699 606 746 tantum
623 689 783 759 permissae
801 697 832 743 et
848 687 984 754 ferendae
1015 695 1104 752 suut,
1121 694 1166 739 -ut
1190 684 1289 740 subsi.

149 775 156 810 7
175 835 178 844 ,
224 787 305 834 stant
321 788 352 834 et
370 780 467 852 quieta
484 780 555 834 sint:
585 778 692 850 alioqui
708 795 764 848 pro
782 775 959 850 raptoribus
976 783 1004 830 et
1020 783 1053 829 ut
1070 783 1102 828 tu
1119 775 1289 846 interprete.

220 869 261 924 rIs
268 907 280 938 ‚
297 870 428 941 tyrannis
446 870 574 942 iniquis,
590 879 622 923 ut
638 857 802 941 iniqui'sint
815 905 825 936 ,
840 867 1002 922 orabimus.

286 959 357 1014 dam
373 961 552 1030 Apostolum
570 961 606 1016 ad
623 957 750 1015 Roman.
769 958 859 1014 XIII.
878 967 907 1013 et
923 957 1036 1022 1.Petri
1055 956 1114 1012 111.
1132 973 1192 1010 non
1204 943 1252 1011 ἐἰσ
1266 971 1287 1008 ι

188 1077 192 1086 ·
220 1049 349 1119 terejioi
366 1051 475 1120 patior,
493 1052 577 1122 quasi
592 1051 719 1104 huonon
728 1031 861 1114 valeant,
880 1057 927 1103 aut
941 1055 1053 1102 tantum
1068 1045 1286 1102 subditoseru.

224 1137 312 1194 diant.
345 1135 496 1194 Non'hoc
514 1139 635 1209 efficies,
652 1139 800 1211 Philipps.
833 1137 1001 1194 VerbaDei
1015 1147 1085 1192 sunt
1102 1145 1133 1190 et
1145 1153 1286 1206 magnum

224 1229 374 1296 sonantia,
391 1227 441 1283 ubi
459 1227 542 1283 dicit:
560 1229 711 1286 Potestas
734 1247 756 1284 a
773 1229 843 1284 Deo
867 1236 931 1297 est,
954 1235 984 1281 et
1001 1225 1204 1282 ordinationi
1220 1219 1286 1280 Dei

159 1377 161 1392 ¹
223 1319 522 1392 resistic.potestati
544 1321 714 1391 resistens,
738 1330 768 1376 et
784 1321 932 1380 minister
949 1319 1013 1376 Dei
1029 1326 1083 1374 est.
1118 1318 1289 1374 Noninve.

183 1401 184 1404 ¹
222 1409 287 1465 nies
303 1409 365 1464 hoe
382 1410 438 1465 dici
455 1410 492 1464 de
509 1409 600 1466 rebus
619 1411 770 1481 permissis
787 1421 912 1468 tantum.
945 1416 947 1424 “

283 1487 362 1556 ΙΝοιι
381 1509 426 1556 est
441 1499 573 1566 minister
589 1501 670 1568 Dei,
688 1501 740 1557 sed
757 1499 875 1567 hostis,
902 1501 951 1572 qui
967 1500 1104 1571 injuriam
1122 1499 1204 1566 facit,
1235 1503 1290 1552 aut

224 1607 419 1664 quaeeunque
437 1589 557 1647 serenda
573 1590 676 1648 infert:
695 1609 752 1646 nec
768 1601 814 1647 est
831 1591 988 1662 permissio
1005 1583 1055 1645 νει
1074 1606 1121 1645 res
1143 1591 1288 1660 permissa

171 1741 181 1752 ..
222 1681 358 1736 minister
374 1682 445 1736 Dei.
478 1681 566 1736 Aliud
584 1682 671 1750 longe
690 1687 753 1748 est,
780 1682 860 1753 quod
878 1679 1032 1754 ailquoties
1049 1678 1199 1747 scribitur,
1215 1696 1288 1747 gen.

156 1817 160 1827 ,
213 1778 284 1843 ‘tem
306 1785 398 1842 super
421 1779 538 1852 gentem
564 1771 710 1826 excitasse
727 1769 840 1824 bellum
855 1769 902 1838 ⁸),
927 1779 960 1824 ut
983 1787 1085 1840 regern
1104 1759 1287 1841 Babyloniae

222 1868 324 1916 eontra
342 1863 461 1934 Tyrum
479 1864 507 1917 in
526 1861 687 1917 Ezechiele
704 1874 825 1916 servum
842 1877 971 1929 vocans,
988 1871 1018 1918 et
1034 1861 1169 1934 spiritum
1181 1875 1286 1932 regum

221 1943 390 2010 Medorum
415 1953 445 2007 in
469 1951 608 2008 deremin'
623 1951 787 2016 suscitans:
817 1962 846 2006 et
862 1941 957 2020 aliud,
981 1953 1062 2024 quod
1080 1962 1210 2024 potestas
1226 1969 1286 2021 pro

220 2060 296 2114 paee
314 2044 439 2099 ordinari
456 2034 569 2111 dieitur,
587 2046 623 2100 sd
640 2041 765 2100 Roman.
785 2042 876 2100 XIII.
893 2051 922 2098 et
938 2043 1105 2100 tuanen.
1126 2042 1168 2098 II.
1201 2043 1283 2098 Nam

220 2131 273 2187 hic
288 2134 387 2189 timori
404 2133 472 2188 mali
490 2134 608 2202 operis,
633 2133 744 2190 honori
766 2133 837 2190 boni
862 2132 961 2204 operis
986 2133 1175 2188 constitutam
1198 2133 1285 2187 dicit:

147 2270 153 2276 .
221 2222 281 2278 illio
298 2225 443 2294 vindicta,
462 2223 567 2294 etjam
584 2223 649 2278 iacti
666 2223 734 2278 mali
752 2225 848 2298 opens
867 2223 940 2280 ratIo
957 2222 1092 2278 habetur.
1263 2217 1270 2226 “

263 2375 264 2380 ¹
288 2312 358 2366 Jam
376 2314 445 2385 quid
461 2314 569 2380 facias,
594 2329 664 2369 cum
681 2315 849 2379 Abraham,
875 2314 994 2380 David,
1018 2323 1048 2366 et
1066 2321 1185 2368 sanctos
1211 2313 1286 2390 anti.

222 2403 289 2476 quis
307 2403 420 2474 legibus
438 2411 468 2458 et
484 2405 580 2473 gladio
597 2421 669 2461 usos
686 2405 794 2480 optime
812 2405 921 2460 vides?
944 2419 1021 2476 quos
1039 2403 1119 2460 viros
1137 2403 1286 2474 evangeli.

222 2509 276 2548 eos
306 2494 395 2550 fuisse
424 2505 538 2550 eertum
564 2503 624 2562 est,
657 2496 725 2552 licet
748 2511 802 2568 pro
826 2507 961 2567 tempore
984 2503 1096 2550 tantum
1118 2503 1285 2550 uterentur.

144 2646 163 2660 μ
225 2581 315 2637 Certe
338 2600 428 2638 usum
446 2583 506 2651 rei,
531 2601 588 2655 qua
609 2586 647 2640 illi
665 2587 709 2641 usi
726 2593 794 2641 sunt
816 2585 1015 2656 laudabiliter,
1042 2602 1104 2642 non
1130 2595 1178 2638 est
1202 2585 1286 2654 pium

182 2707 187 2716 ι
224 2669 261 2725 ιιι
279 2674 454 2750 evangelicis
480 2674 549 2728 viris
566 2677 685 2744 negari,
713 2685 745 2730 ιιι
768 2675 874 2744 estjus
892 2675 994 2743 gladii:
1023 2675 1197 2744 praesertim
1215 2691 1286 2729 eum

222 2763 251 2820 in
270 2762 432 2840 Evangelio
449 2780 547 2836 neque
566 2767 603 2821 sit
620 2777 793 2821 revocatum
810 2782 906 2838 neque
925 2764 1124 2834 prohibitum,
1149 2763 1224 2832 sed,
1250 2774 1286 2846 ut

223 2851 285 2907 dixi
296 2888 305 2916 ,
322 2851 547 2922 continuatum,
574 2855 673 2926 utique
691 2857 722 2913 in
738 2854 805 2923 hle,
828 2855 877 2927 qui
896 2851 995 2911 fideles
1013 2865 1114 2923 erant,
1141 2855 1284 2910 militibus

221 2940 395 3026 «Iohannem
413 2943 671 3024 interrogantibus.
755 2998 758 3004 .

211 3021 216 3028 ’
287 3035 365 3088 Cum
393 3048 464 3103 ergo
483 3037 619 3091 Christus
641 3038 670 3092 in
687 3035 851 3106 Evangelio
875 3051 923 3091 res
947 3036 1060 3092 dirinas
1086 3045 1125 3091 ιι1
1138 3037 1285 3092 coelestes

198 3161 205 3170 .,
219 3121 372 3178 instituere
391 3117 536 3192 debuerit,
555 3127 625 3198 quid
646 3128 767 3196 mitum,
784 3126 808 3182 si
826 3126 955 3196 gladium
972 3144 1032 3182 non
1047 3127 1217 3194 instituerit,
1234 3127 1285 3198 qui

219 3213 259 3269 'ab
276 3215 413 3270 humanis
431 3217 573 3272 creaturis
590 3217 674 3272 faede
695 3217 823 3273 ordinari
841 3227 955 3288 potest,
973 3226 1003 3272 et
1020 3218 1133 3274 Interim
1151 3217 1195 3272 sio
1213 3235 1285 3271 eum

221 3315 345 3374 tractet,
362 3317 413 3371 ut,
430 3309 484 3362 nisi
496 3307 659 3377 Evangelio
672 3318 864 3380 repugnaret,
881 3325 949 3362 eum
966 3326 982 3362 a
1000 3325 1033 3364 se
1050 3307 1174 3374 institui,
1192 3309 1286 3364 vellet

218 3396 385 3464 instituere,
403 3397 480 3470 dum,
491 3399 680 3478 commendat
696 3410 723 3453 et
740 3397 894 3454 confirmat
912 3399 1086 3456 institutum.

284 3489 391 3543 Petrus
409 3499 437 3543 et
452 3487 547 3545 Judas
564 3490 650 3544 etiam
668 3499 827 3561 potestates
844 3499 872 3545 et
890 3491 1104 3546 dominationes
1126 3494 1226 3560 sperni
1255 3497 1284 3544 et

218 3577 353 3655 maledici
373 3578 409 3632 ab
428 3569 611 3634 Antichristo
629 3598 750 3652 quoque
767 3579 960 3648 Indignamur.
999 3583 1036 3634 At
1056 3580 1189 3651 uunquid
1216 3597 1283 3650 per.

220 3667 311 3721 missa
336 3668 485 3723 licentiosa
512 3682 560 3725 aut
584 3671 680 3742 inique
704 3677 769 3725 non·
788 3672 854 3726 licet
877 3673 1042 3740 spernere?
1072 3671 1226 3726 Honorem
1252 3679 1283 3724 et

221 3758 418 3814 reverentiam
436 3761 477 3816 eis
494 3763 556 3816 vult
572 3759 651 3815 lieri:
673 3761 726 3814 sed
744 3761 876 3834 nunquId
899 3763 977 3818 idem
999 3762 1062 3816 vult
1077 3759 1233 3834 permissis
1252 3749 1282 3815 et

212 3847 348 3920 iniquis?

165 3951 168 3962 ι
219 3943 289 3961 *Ψ-

270 3965 471 4036 nmmmr
