2736 4564
388 239 392 249 '
531 241 541 263 χ
764 285 770 292 .

235 291 277 376 ts
366 379 372 384 ,
464 315 470 332 ·
727 303 818 374 tau.

304 467 437 522 Rursum
463 475 493 521 et
515 465 577 521 hoc
601 471 703 524 motet
728 463 756 519 in
775 463 975 528 contrarium,
1004 451 1305 536 quodin'prioiilius

148 593 151 600 ,
234 558 325 614 literis
343 558 478 630 scripsit,
502 555 626 614 Paulum
643 547 735 610 videri
762 554 919 610 defuturis
937 570 1059 620 cavere,
1088 553 1202 610 scilicet
1219 565 1307 624 prae.

222 651 320 705 territa
337 665 397 706 non
416 649 512 702 faeere
529 647 623 704 irrita:
647 656 680 716 ut
701 647 752 700 hic
769 646 907 700 locusde
926 631 1090 714 virginitate
1109 653 1137 697 et
1155 643 1307 697 caelibatu

233 757 360 812 prorsus
377 738 450 794 nihil
467 749 579 808 urgeat,
613 738 702 794 Aliud
720 737 799 793 enim
823 745 869 792 est
886 737 1005 791 viduam
1032 719 1174 790 defuncto
1193 737 1307 788 marito

233 839 263 885 et
280 831 405 885 caeteris
423 830 561 886 omnibus
580 829 749 883 destitutam
776 827 885 900 suscipi
914 826 950 880 ad
977 827 1146 880 alimoniam
1166 841 1306 879 commu.

198 971 202 980 ,
232 887 319 988 nerii,
337 929 367 976 et
384 921 458 976 aliud
478 917 674 990 virginitatem
692 929 722 973 et
740 918 914 972 caelibatum
929 918 1091 990 suscipere.
1128 915 1221 990 Quod
1235 917 1304 970 ideo

234 1011 320 1079 dico,
338 1013 405 1084 quia
423 1007 530 1066 vellem
548 1025 563 1062 a
581 1009 668 1066 vobis
686 1009 758 1064 nihii
777 1007 914 1081 prodire,
940 1007 1020 1079 quod
1038 1007 1176 1063 obscuris
1195 1011 1305 1060 et'am:

232 1100 332 1175 biguis
349 1101 505 1173 scripturis
523 1101 650 1166 nitatur,
667 1115 736 1155 cum
755 1117 770 1153 a
786 1099 875 1154 nobis
894 1100 1030 1167 exigatur
1047 1099 1097 1152 lux
1112 1109 1120 1164 ‚·
1138 1111 1215 1170 quae
1235 1099 1305 1168 plus

236 1197 324 1264 qua'm
344 1191 417 1247 solis
435 1202 465 1245 et
482 1193 615 1246 omnium
633 1192 784 1246 stellarum
802 1191 859 1258 sit,
877 1207 975 1260 neque
994 1189 1036 1244 sic
1054 1197 1153 1253 tamen
1171 1189 1304 1244 vident*
1361 1187 1363 1200 '

301 1283 372 1338 «Iam
394 1283 460 1356 quis
485 1297 572 1352 coget
590 1283 678 1340 illud:
709 1281 793 1338 Volo
801 1281 956 1352 jruriores
979 1279 1113 1348 turbere,
1138 1281 1173 1333 aa
1198 1281 1304 1334 viduas
1362 1343 1363 1354 χ

234 1373 407 1446 pertinere,
424 1391 458 1426 ac
474 1391 535 1428 non
553 1375 650 1446 potius
669 1370 704 1428 arl
721 1371 889 1442 generalem
907 1371 1148 1426 exhortationem
1166 1371 1303 1424 omniurn
1361 1355 1363 1412 i

235 1462 533 1528 adulescentularum,
559 1463 753 1532 praeterillas
773 1463 923 1514 damnatas
941 1461 1060 1515 viduas:
1091 1460 1168 1514 sicut
1187 1467 1218 1514 rt
1236 1471 1303 1530 per.

124 1555 143 1582 ’·
233 1554 374 1616 miserat,
393 1545 530 1622 juniores
556 1553 633 1608 sicut
658 1567 777 1606 sorores
795 1563 852 1604 erc.
888 1549 996 1622 Neque
1014 1549 1092 1604 enim
1111 1550 1203 1614 dixit,
1230 1550 1302 1604 volo
1362 1575 1363 1618 ς

205 1681 211 1693 ,
230 1641 368 1714 juniores
385 1642 488 1697 viduas
506 1641 640 1707 nubere,
656 1657 727 1696 cum
745 1641 888 1695 damnarit
906 1655 955 1694 eas
974 1639 1086 1694 nubere
1103 1641 1251 1694 volentes.

303 1731 504 1796 Vehementer
519 1743 622 1800 urget,
653 1731 734 1800 quod
752 1731 903 1788 damnatas
920 1732 1025 1790 usserit
1049 1731 1117 1786 istas
1134 1731 1239 1786 viduas
1252 1731 1302 1801 ju.

131 1817 142 1832 ⁸
234 1824 335 1880 niores
355 1833 475 1894 propter
491 1821 581 1878 iidem
599 1821 710 1876 irritam
730 1823 852 1898 iactam,
871 1823 953 1891 quod
971 1821 1123 1893 quomodo
1143 1817 1212 1875 dilui
1231 1831 1302 1892 pos.

235 1913 271 1968 sit
290 1914 412 1980 dextre,
430 1911 551 1966 dubito:
577 1922 659 1966 certe
678 1910 766 1966 iidem
783 1911 861 1966 illam
879 1913 985 1980 ligasse
999 1911 1135 1980 juniores
1153 1913 1300 1982 sequitur,

235 2003 448 2072 quantumlibet
459 2003 597 2071 juniores
614 2003 690 2068 sint,
707 2003 731 2054 si
745 2011 867 2072 propter
881 2017 945 2054 eam
958 2002 1141 2074 darunaritur.
1181 2003 1299 2058 Rursus

233 2093 296 2147 hoc
314 2094 427 2162 aliquid¹
438 2103 485 2147 est
502 2109 641 2164 quoque,
660 2092 740 2163 quod
759 2093 814 2146 talc
831 2107 923 2160 genus
943 2091 1094 2146 viduarum
1113 2091 1182 2146 illud
1200 2093 1298 2158 fuerit,

235 2185 315 2252 qnod
335 2200 393 2237 nan
414 2183 561 2253 personali
574 2193 666 2246 voto,
684 2183 736 2236 scd
752 2183 896 2250 suffragiis
915 2180 1068 2237 Ecclesiae
1087 2183 1299 2239 communibus

235 2273 403 2340 eligeretur.
430 2273 512 2326 Dicit
525 2275 621 2328 enim:
641 2273 751 2329 Vidua
763 2289 829 2326 nou
842 2273 1000 2346 eliputur,
1018 2272 1111 2328 ethic
1128 2275 1229 2328 locum
1247 2273 1300 2329 ha.

234 2360 304 2416 beat
329 2363 649 2433 potestas-rejiciendi,
679 2380 751 2436 quas
774 2364 870 2420 visum
896 2352 1000 2432 suerit,
1023 2366 1075 2418 sed
1099 2365 1202 2419 electis
1220 2366 1300 2420 nulla
1361 2383 1362 2396 ¹

231 2451 354 2510 libertas
373 2455 538 2509 recedendi.

299 2543 483 2598 Testimouia
502 2561 573 2598 vero
590 2543 702 2599 veteris
720 2544 791 2614 legis
809 2544 845 2598 rie
864 2545 1013 2600 solvendis
1031 2544 1111 2610 votis
1123 2539 1300 2614 rigidissima
1315 2588 1320 2602 .

233 2651 364 2706 prorsus
377 2621 426 2690 nie
444 2635 516 2690 nihil
533 2647 675 2704 movent,
699 2653 769 2690 cum
786 2635 969 2706 impossibile
987 2637 1043 2704 sit,
1066 2651 1098 2692 ea
1114 2637 1161 2691 vel
1180 2639 1298 2708 intelligi

232 2723 281 2780 vel
300 2725 437 2798 applicari
455 2743 545 2795 posse
563 2727 596 2780 ad
614 2738 717 2782 votum
737 2727 813 2782 istud
830 2727 992 2789 castitatis.
1021 2743 1090 2782 curn
1107 2745 1198 2784 nemo
1217 2731 1300 2798 igno.

209 2813 298 2884 'ret‚=
327 2817 353 2880 ei
379 2819 550 2890 populosa
577 2834 643 2874 esse
668 2817 749 2883 data,
778 2819 825 2872 cui
850 2818 907 2872 sub
924 2819 1069 2873 maledicti
1095 2832 1124 2873 et
1145 2821 1300 2891 opprobrii

231 2923 330 2978 poena
354 2909 599 2968 communissima
626 2927 688 2966 nou
716 2910 796 2966 licuit
821 2921 902 2966 caste
928 2913 1045 2978 risere,
1073 2913 1168 2967 multo
1197 2912 1298 2968 miuus

233 3011 359 3052 vovere.
419 3014 424 3032 r
782 3047 787 3058 ,
874 3013 878 3020 ·
1360 2993 1361 3020 ³

264 3139 269 3147 .
297 3085 337 3151 Et
354 3088 438 3160 plane
455 3089 518 3144 hoc
534 3088 606 3144 mihi
621 3089 748 3159 obtinui,
766 3093 931 3146 castitatem
944 3089 1086 3148 subrvoto
1099 3091 1219 3157 cudere,
1238 3107 1299 3146 non

230 3193 323 3251 posse
341 3179 460 3252 probari
484 3166 538 3251 per
555 3181 720 3250 Scripturas
743 3181 779 3236 ab
798 3199 854 3236 nec
871 3182 936 3250 lege
953 3198 1010 3236 nec
1028 3184 1181 3252 exemplo.
1217 3183 1298 3238 Reli.

134 3294 138 3304 ·
231 3287 325 3342 quum
343 3281 403 3338 est,
430 3277 455 3325 t.
475 3271 611 3330 Corinth.
630 3271 702 3326 Vll.
726 3273 759 3346 in
776 3269 896 3327 arbitrio
912 3272 1044 3328 hominis
1063 3273 1135 3328 illud
1153 3273 1298 3346 relinqui:

230 3360 336 3416 deinde
361 3361 477 3432 legibus
503 3371 531 3415 et
556 3363 670 3418 statutis
689 3361 854 3425 hominum
877 3377 938 3418 nou
963 3379 1053 3432 posse
1072 3363 1220 3432 ordinari,
1243 3355 1298 3419 nisi

229 3449 389 3523 inspirante
413 3453 530 3508 Satana.
564 3453 647 3510 Haec
674 3454 750 3522 apud
774 3469 822 3506 me
846 3462 926 3508 certa
944 3463 1028 3511 sunt:
1055 3444 1197 3526 sequatur
1212 3455 1298 3520 inde,

231 3535 370 3615 quicquid
389 3553 496 3612 potest.
529 3541 705 3598 Periculum
724 3543 809 3611 igilur
826 3553 893 3612 est,
910 3561 1024 3600 vovero
1042 3546 1224 3600 castitatems
1243 3546 1297 3600 sed
1359 3561 1360 3614 ζ

230 3629 298 3686 ideo
325 3648 386 3690 non
404 3634 523 3698 valere,
550 3634 615 3704 quis
634 3643 765 3699 asserat,
790 3649 858 3688 cum
877 3635 1022 3704 potuisset
1041 3645 1070 3689 et
1087 3633 1178 3689 libere
1197 3647 1296 3692 castus
1359 3635 1360 3680 l

210 3723 350 3788 (vivere,
368 3725 499 3804 consiliis
517 3735 545 3778 et
561 3723 708 3796 exemplis
726 3725 892 3795 Scripturas
912 3726 1096 3782 instructus?

261 3808 266 3828 ¹
297 3809 478 3886 Quanquam
496 3830 553 3881 ego
570 3815 650 3867 varie
668 3815 801 3882 cogitans
821 3815 888 3868 illud
906 3817 1056 3886 adspicio,
1083 3813 1163 3888 (prod
1181 3814 1298 3872 Petrus

229 3901 336 3960 Actor.
355 3901 420 3960 XV.
444 3903 578 3958 libertate
604 3905 722 3972 spiritus
741 3907 824 3958 etiam
843 3921 919 3960 onus
937 3907 1008 3974 legis
1026 3904 1209 3975 impossibile
1228 3919 1243 3958 a
1262 3921 1294 3960 sa

228 4001 257 4048 et
274 3991 413 4052 omuibus
431 3993 587 4066 rejecerit,
605 3995 654 4054 cul
671 4005 770 4054 tamen
787 3995 881 4052 suerat
899 3995 1072 4070 subjectus,
1101 3994 1294 4054 nihilcausa·
