2674 4570
143 248 167 276 ·’
245 227 353 364 12ss
692 267 817 344 mser.

239 429 281 486 Et
297 429 367 502 quid
384 431 490 502 plura?
507 433 592 508 quusi
601 431 749 506 Mejeetas
764 434 860 507 possit
877 437 944 490 cont
961 439 1063 489 vetere
1077 427 1203 488 bomine
1218 427 1299 502 loqui

239 523 437 590 familiariter,
450 552 452 566 ι
463 534 491 580 ει
508 541 568 582 non
585 527 667 598 prius
683 527 823 582 occidere
848 534 935 597 atque
952 526 1127 591 exsiccare,
1151 537 1189 577 nc
1206 523 1300 576 laete.

239 625 290 668 ant
313 613 339 698 ¹)
357 615 465 672 odores
482 616 547 687 ejus
564 616 707 688 pessimi,
725 633 795 674 cum
819 617 857 673 sit
872 617 948 688 iguis
971 629 1168 674 consumens.
1200 613 1298 669 Etiam

237 705 353 762 somnia
372 716 400 760 et
418 707 547 762 visiones
565 717 739 762 sanctorum
752 717 821 763 sunt
837 707 985 763 terribiles
999 707 1123 774 saltem,
1140 715 1299 778 postquem

235 796 447 866 intelliguntur.
480 797 577 853 Tentu
595 814 666 868 ergo
691 809 720 853 ει
735 817 773 854 ne
799 799 904 855 lesum
928 799 1048 871 quidem
1073 795 1175 852 audias
1191 795 1299 866 glorio.

238 903 305 944 sum
314 928 324 957 ,
342 889 398 964 nisi
416 889 522 945 videris
538 890 620 962 prius
637 889 825 946 crucifixum.

271 989 273 994 '
303 980 350 1034 Ad
367 995 505 1047 causum,
530 981 663 1054 inquies,
687 981 779 1053 quid?
803 979 865 1036 hoc
882 979 968 1040 renim
993 987 1041 1034 eet
1064 977 1137 1034 elios
1156 977 1296 1054 refutare,

235 1085 299 1125 non
324 1079 425 1132 nostro
450 1069 585 1141 probare.
619 1077 663 1126 nt
678 1070 741 1126 hoo
758 1073 913 1144 quomodo
931 1085 1059 1143 possum
1074 1068 1204 1136 absens,
1229 1083 1297 1122 cum

235 1155 387 1228 ignorem,
413 1160 662 1232 qnidmoveunt,
687 1162 710 1216 si
735 1161 807 1218 nihil
833 1161 908 1216 eliud
926 1151 1073 1229 excibant,
1099 1175 1191 1238 quam
1209 1159 1308 1214 illud:-

234 1251 291 1324 quc'
307 1251 481 1308 crediderit
497 1258 528 1306 ct
543 1249 725 1325 baptisatus
732 1250 856 1322 suerit,
873 1251 983 1306 salvus
1000 1251 1077 1320 crit,
1095 1250 1218 1322 etquod
1233 1267 1297 1322 par.

228 1341 300 1405 *vuli
319 1359 371 1413 per
389 1359 422 1398 se
438 1359 500 1406 non
518 1345 649 1400 credaut.
682 1343 814 1400 Prorsus
835 1359 882 1398 me
899 1343 971 1397 nihil
989 1350 1121 1396 movent.
1158 1341 1297 1414 Quomo.

163 1434 167 1442 “
235 1433 275 1488 do
294 1433 370 1487 enim
389 1433 575 1506 probabunt,
593 1449 646 1489 cos
665 1449 726 1488 nou
743 1433 884 1492 credere?
902 1435 940 1488 At
957 1433 1039 1506 quod
1056 1447 1117 1488 non
1133 1433 1297 1503 loquuntur

237 1532 268 1576 et
290 1525 450 1578 ostendunt
474 1524 579 1592 fidem,
608 1523 743 1596 pulchre.
778 1523 842 1579 llao
865 1523 977 1578 ratione
1002 1533 1075 1594 quot
1092 1523 1177 1576 boris
1195 1533 1297 1576 etnos

235 1597 394 1670 Christiani
411 1614 539 1683 erimuS,
556 1615 627 1668 dum
639 1613 803 1686 dormimus
816 1625 845 1668 et
863 1615 917 1668 ulia
935 1613 1078 1671 tacimus?
1095 1616 1211 1667 Annon
1227 1629 1295 1682 ergo
1328 1606 1331 1621 '

236 1705 343 1759 eodem
362 1703 452 1764 modo
469 1703 663 1775 potestDeus
680 1715 744 1758 toto
756 1703 889 1759 infantiae
906 1713 1061 1774 tempore,
1079 1716 1136 1758 ceu
1154 1705 1293 1758 continuo

235 1809 356 1866 somno,
374 1793 461 1848 iidem
473 1793 564 1850 inillis
577 1801 714 1852 servare?
732 1795 824 1862 Bene,
835 1795 960 1866 inquies,
972 1794 1034 1848 hoc
1048 1795 1183 1850 confutat
1195 1797 1296 1848 adver.

235 1885 329 1940 serios
347 1885 383 1938 de
401 1883 457 1938 lide
466 1885 531 1968 jam
550 1885 655 1940 infuse.
690 1885 731 1939 m
746 1882 807 1960 lroo
824 1886 940 1940 interim
957 1881 1080 1948 sufficit,
1100 1899 1155 1940 eos
1173 1884 1294 1939 inveniri

149 2022 152 2035 .
234 1977 325 2042 tales,
351 1975 402 2046 qui
418 1973 491 2029 nihil
508 1975 650 2046 probent,
676 1984 706 2028 et
722 1975 797 2030 salso
823 1975 926 2046 spiritu
948 1975 1094 2028 commoti
1111 1983 1179 2030 sint.
1216 1973 1294 2050 Quid
1332 1961 1333 1984 ¹

135 2124 139 2137 ,
234 2064 272 2120 de
289 2065 467 2120 infundenda
484 2064 577 2120 dicis?
600 2064 673 2120 nihil
691 2076 736 2120 est
754 2065 898 2136 reliquum
915 2081 1055 2134 prorsus,
1081 2065 1136 2120 nisi
1156 2063 1232 2143 tides
1250 2067 1295 2119 ati.

233 2172 305 2221 ene,
331 2169 419 2225 quum
437 2156 462 2208 εἰ
480 2163 607 2210 statuere
624 2171 686 2210 non
703 2169 879 2227 possumus,
905 2155 978 2210 nihil
1002 2145 1213 2227 disputandum
1236 2167 1293 2225 est,

233 2246 289 2302 sed
307 2245 476 2318 simpliciter
494 2244 675 2299 damnandus
684 2239 858 2316 'baptismus
877 2247 1077 2316 parvulorum.

301 2335 351 2390 'l'e
367 2335 458 2403 dicis,
476 2333 589 2390 infirma
605 2350 671 2390 esse
688 2335 825 2406 exempla
844 2335 910 2392 lidei
926 2336 1057 2394 alienae?
1075 2336 1141 2410 Ego
1156 2336 1232 2392 nihil
1252 2337 1293 2394 fir.
1331 2387 1332 2400 ,

233 2441 311 2482 miris
329 2441 396 2480 εεεε
415 2425 492 2480 dico.
526 2426 693 2482 Ostendant
715 2436 814 2481 eutem
832 2427 887 2493 illi,
912 2443 1018 2484 omnes
1035 2445 1158 2500 quoque
1176 2429 1293 2484 dueum.
1331 2405 1332 2466 l

232 2533 307 2585 nes,
332 2507 424 2570 unum
442 2515 612 2587 exemplum
632 2515 697 2572 lidei
719 2517 829 2572 alienae
855 2516 1014 2572 infirmum.
1048 2519 1128 2573 Nem
1146 2521 1231 2591 quod
1250 2521 1294 2572 Sa.

232 2607 363 2662 moelem
381 2622 483 2662 orasse
501 2623 555 2677 pro
570 2606 655 2662 Saule
667 2607 801 2674 inducis,
817 2605 889 2662 nihil
908 2617 968 2662 est:
987 2609 1063 2664 luxit
1080 2609 1217 2676 Saulem,
1235 2627 1292 2666 uon

234 2699 346 2766 oravit,
370 2709 419 2755 aut
442 2699 466 2754 εἰ
489 2698 601 2765 oravit,
627 2715 687 2753 non
714 2699 810 2753 oravit
828 2695 901 2766 lide,
931 2697 990 2754 hoc
1007 2709 1068 2766 est,
1093 2717 1155 2755 nou
1173 2703 1294 2758 credidit

233 2789 360 2843 obtineri
386 2791 467 2862 quod
490 2790 625 2862 petebat,
651 2790 748 2846 sedin
773 2789 914 2857 dubium,
937 2799 986 2845 nut
1011 2790 1040 2844 in
1057 2789 1211 2846 arbitrium
1237 2791 1291 2848 net

232 2880 373 2950 ponebat.
409 2877 671 2954 Quemadmodum
683 2879 782 2936 David
801 2896 855 2950 pro
867 2881 990 2952 parvulo
998 2895 1073 2946 suo,
1091 2881 1223 2937 etmulti
1243 2899 1293 2954 pro

233 2971 333 3024 multis
350 2969 421 3024 aliis.
436 2970 466 3025 Si
485 2969 564 3025 enim
581 2981 663 3026 certo
680 2969 829 3026 definisset
841 2987 875 3025 se
893 2969 1101 3041 accepturum,
1119 2972 1224 3045 utique
1243 2974 1292 3028 ob
1330 3027 1331 3044 χ

232 3063 376 3117 tinuisset.
410 3063 471 3116 Stat
486 3062 572 3116 ‘enim
596 3059 689 3116 fidelis
714 3062 875 3133 promissio
900 3061 1029 3130 Christi,
1055 3059 1145 3118 Mart.
1168 3064 1291 3120 xvttt:
1330 3047 1331 3070 ¹

141 3193 152 3216 ,
233 3153 263 3208 si
280 3152 342 3207 duo
359 3159 611 3224 superterram,
629 3159 686 3208 etc.
704 3162 751 3207 et:
769 3167 971 3226 quaecunque
984 3151 1161 3224 petieritis,
1178 3155 1293 3210 credite

233 3244 310 3319 quia
328 3242 505 3314 accipietis,
523 3243 647 3309 etficnt
664 3241 760 3300 vobis.
793 3245 855 3298 Stet
870 3259 943 3324 ergo
961 3243 1156 3312 inconcusse,
1180 3246 1293 3318 impos.

233 3335 317 3390 sibile
335 3347 420 3402 esse,
438 3341 471 3387 ut
488 3332 514 3387 ld
533 3349 595 3388 non
615 3331 678 3400 liat,
696 3331 776 3404 quod
796 3333 920 3404 petitur,
938 3342 966 3388 et
982 3333 1112 3390 creditur
1129 3333 1213 3404 lieri,
1232 3337 1293 3390 alio-
1329 3383 1330 3406 ἶ

234 3427 284 3500 qui
302 3423 447 3479 vacillabit
463 3423 601 3480 universa
627 3423 761 3478 doctrino
779 3423 860 3489 fidei,
887 3440 942 3477 nec
959 3425 1076 3496 propria
1094 3423 1168 3480 tides
1189 3426 1291 3498 aliqud
1329 3449 1330 3486 i

233 3515 361 3580 valebit,
377 3531 447 3569 cum
463 3515 571 3569 nitatur
585 3514 719 3584 ejusdcm
736 3511 992 3584 promissionibus.
1028 3513 1093 3569 lmo
1113 3513 1190 3570 fides
1205 3518 1291 3572 aliena
1329 3501 1330 3570 i

234 3605 322 3660 nobis
342 3604 478 3675 propriu,
504 3603 557 3659 sed
575 3602 657 3658 alteri
673 3601 766 3656 aliena
784 3611 847 3662 est.
871 3601 1064 3660 nihilominus
1088 3621 1218 3664 necesse
1235 3616 1291 3674 est,
1329 3587 1330 3630 l

195 3757 197 3762 y
233 3706 267 3750 ut
295 3693 515 3762 bullonium,
539 3693 620 3765 quod
642 3692 745 3746 credit.
783 3691 850 3749 lluo
872 3694 1018 3764 pertinent
1039 3696 1137 3750 omnir
1156 3700 1289 3770 exempla

234 3785 400 3856 Evangeffi.
434 3785 543 3856 Neque
560 3787 638 3840 enim
657 3783 811 3856 aliquando
828 3801 920 3842 unum
936 3786 1045 3844 dimisit
1060 3785 1218 3860 Christus,
1246 3789 1290 3864 qui

286 3979 307 4030 tt
322 3971 400 4022 norit.
414 3973 518 4019 foetent.
