2706 4548
109 267 124 280 ‘
235 269 307 362 sin¹
424 303 428 308 ·
529 361 537 384 „
709 278 798 343 nas.

346 383 351 395 l
848 393 854 421 Ι
909 384 922 421 ’.
1203 419 1207 424 .

234 431 421 504 extollimus,
444 449 532 508 quam
555 435 582 490 in
600 443 629 490 te
645 436 760 503 valere,
786 447 927 503 regnare,
953 428 1185 500 eturiumpiiare
1199 427 1272 482 vide.

231 509 344 579 mue'et
360 525 493 581 audimus
512 541 580 580 cum
598 526 721 596 gaudio,
746 536 777 580 ut
793 523 1044 596 quemadmodum
1062 531 1182 592 pastor,
1203 521 1275 574 sieut

233 617 328 672 Amos
345 615 490 688 loquitur,
511 618 643 686 emieex
657 634 712 671 ore
729 617 788 688 lupi
805 626 972 670 extremum
990 613 1141 667 auriculae
1156 623 1205 666 ent
1220 612 1273 663 duo

233 722 339 776 erum,
362 707 405 761 sio
421 716 450 762 te
474 707 593 762 unicum
617 717 645 762 et
661 707 760 762 solum
785 706 859 762 imer
882 699 987 760 omnes
1011 704 1173 774 episcopos
1199 701 1273 755 orbis

145 841 149 852 ,
233 797 355 866 elegerit
371 797 520 852 Dominus
539 805 569 852 et
585 797 753 854 liberaverit
769 812 809 850 ex
825 813 878 850 ore
896 789 1034 860 Satanae,
1053 793 1138 866 quod
1153 789 1273 844 dilatarit
1339 839 1340 850 2

154 905 159 916 ·
233 883 311 941 sicut
337 887 501 954 infernum,
528 898 557 941 et
582 887 843 943 devoratoinnes.
876 883 960 940 Nihil
986 885 1066 939 euim
1091 881 1225 936 videmus
1247 881 1272 932 in

232 977 356 1032 caeteris
380 975 528 1048 episcopis
550 977 730 1049 (quanquam
755 993 822 1032 esse
846 975 921 1030 inter
946 989 999 1030 eos
1025 989 1149 1044 sperem
1171 973 1274 1042 aliquot

230 1064 449 1134 Nicodamus),
474 1065 530 1120 nisi
548 1067 629 1138 quod
646 1065 798 1120 subversis
815 1064 941 1120 Caesare
961 1073 991 1118 et
1008 1059 1130 1132 regibus
1147 1077 1180 1113 ac
1203 1059 1273 1129 prin.

200 1187 205 1194 ·
233 1155 364 1226 cipibus,
382 1156 513 1210 fremunt
529 1165 559 1212 et
576 1155 722 1212 insaniunt
740 1165 843 1210 contre
861 1168 1018 1222 resurgens
1036 1153 1086 1208 vel
1104 1151 1199 1221 potius
1219 1149 1272 1204 on'.

233 1259 287 1300 eus
303 1244 503 1312 Evangelion,
525 1256 558 1299 ut
575 1249 598 1311 1)
626 1245 722 1300 denuo
749 1244 887 1316 impleant
913 1241 982 1297 illud
1002 1239 1118 1297 Psalmi
1144 1239 1269 1295 secundi:

231 1331 417 1388 Astiterunt
433 1350 525 1407 reqes
541 1339 648 1388 terrae
665 1340 695 1387 et
712 1333 876 1405 principes
890 1335 1108 1386 'conuenerunt
1123 1327 1157 1384 in
1174 1345 1271 1396 unaue,

234 1421 386 1478 adversus
402 1422 577 1492 Dominum
603 1429 633 1476 et
656 1423 810 1478 aduersus
828 1421 988 1478 Christum
1013 1423 1091 1490 ejus.
1126 1419 1197 1494 Quo
1212 1437 1274 1490 pro.

235 1520 324 1566 vocet
339 1513 426 1568 simul
436 1538 452 1580 ,¹
463 1523 496 1568 ut
512 1521 542 1568 et
553 1513 639 1568 Deus
658 1514 686 1568 in
703 1512 745 1574 eis
762 1512 900 1584 impleat,
917 1511 998 1584 quod
1013 1513 1163 1584 sequitur:
1181 1507 1272 1564 Hadi-

232 1607 321 1656 tator
333 1601 410 1657 coeli
421 1599 552 1671 ridebis,
570 1610 599 1656 et
609 1602 771 1660 Dominus
782 1601 961 1671 subsannat
972 1618 1034 1658 eos.
1073 1601 1164 1657 Τωιε
1176 1601 1272 1674 ioque·

232 1699 287 1746 tur
303 1692 349 1748 ad
363 1709 415 1747 eos
431 1692 466 1746 in
484 1693 538 1761 ira
553 1709 614 1748 sua
623 1735 634 1763 ,
649 1700 680 1748 et
695 1693 730 1748 in
737 1692 859 1764 surore
875 1711 932 1750 suo
950 1690 1154 1750 conturbabit
1168 1707 1225 1746 eos.

282 1807 369 1863 ‘Tibi
384 1826 458 1864 vero
476 1827 509 1864 ea
526 1809 680 1878 singularis
699 1809 782 1880 plone
800 1819 829 1863 et
842 1805 981 1864 mirabilis
999 1808 1087 1878 gratia
1104 1807 1205 1860 donata
1219 1813 1269 1872 esi,

236 1905 269 1950 ut
284 1913 346 1952 non
362 1899 455 1955 m'odo
471 1898 595 1953 verbum
613 1900 781 1970 susciperes
799 1908 828 1952 et
844 1899 1002 1965 crederes,
1024 1899 1080 1952 sed
1097 1915 1152 1970 pm
1168 1897 1271 1967 episcn

233 1987 291 2056 pali
309 1988 459 2042 autoritale
477 1981 564 2043 etiam
576 1989 669 2060 palam
688 1997 717 2043 ei
728 1989 847 2060 publice
862 1991 1019 2043 confessus
1033 1988 1175 2056 doceres,
1192 1987 1273 2039 doce.

235 2077 319 2150 rique
337 2095 391 2147 per
406 2089 486 2132 tuem
503 2078 635 2133 diocesin
652 2091 789 2146 curares,
807 2077 967 2132 liberaliter
980 2077 1050 2143 his,
1074 2079 1126 2151 qui
1142 2077 1172 2132 in
1186 2075 1271 2131 verbo

233 2167 382 2236 laborant,
400 2157 557 2239 provisis,
576 2165 743 2224 videntibus
760 2167 874 2239 impiis,
900 2168 1116 2236 irascentibus,
1141 2181 1175 2222 ac
1190 2167 1273 2221 denti.

59 2283 61 2290 v
137 2291 151 2311 s
233 2255 291 2311 bus
310 2257 371 2311 suis
389 2256 655 2326 frementibus‚=et
677 2257 895 2312 tabescentibus
913 2259 1032 2312 frustra.
1070 2257 1152 2312 llaec
1169 2257 1271 2312 scilieet

236 2337 327 2416 grstia
343 2346 403 2401 Dei
421 2345 449 2401 in
467 2355 496 2401 ie
514 2333 638 2416 coliata,¹
657 2347 906 2419 quemadmodum
922 2347 1033 2403 Paulus
1052 2363 1123 2402 cum
1139 2345 1270 2403 Macedo.

161 2483 165 2502 ,
235 2434 321 2492 nibus
340 2436 412 2504 ,facit
435 2437 470 2490 ad
487 2437 677 2505 Corinthios,
700 2455 761 2492 non
786 2437 841 2492 fuit
857 2437 928 2496 mibi
949 2439 1067 2494 silentio
1091 2437 1272 2502 transeunda,

237 2528 289 2584 sed
307 2513 444 2582 omnibus
459 2527 554 2583 modis
571 2527 749 2596 evulganda,
767 2529 977 2600 praedicanda,
996 2529 1155 2598 caunnda,
1173 2527 1206 2584 ad
1221 2529 1275 2598 glo.

234 2617 308 2674 riam
325 2617 402 2685 Dei,
425 2619 458 2673 ad
476 2621 643 2690 proiectum
660 2617 830 2688 Evangelii,
849 2621 884 2674 ad
903 2619 1121 2676 incrementum
1141 2619 1222 2688 fidei,
1245 2621 1274 2672 ad

170 2753 175 2762 .
238 2709 374 2764 solatium
393 2709 594 2776 mimorum,
617 2717 646 2764 et
663 2726 783 2777 eorum,
807 2710 857 2779 qui
876 2711 951 2780 apud
969 2725 1025 2765 nos
1041 2711 1125 2765 varia
1142 2711 1277 2782 pariuntur

233 2798 262 2852 in
280 2798 369 2852 variis
393 2797 489 2865 locis,
513 2799 547 2852 ad
565 2799 744 2853 erectionem
764 2799 958 2870 pusillorum,
984 2789 1115 2871 denique
1139 2801 1224 2854 eriam
1247 2801 1275 2853 ad

235 2895 385 2942 terrorem
409 2897 439 2940 et
463 2887 650 2956 ignominiam
667 2887 799 2942 hostium
814 2889 897 2942 verbi
920 2899 949 2942 et
974 2889 1125 2944 idolorum
1147 2891 1276 2956 istorum,

236 2975 266 3030 in
288 2976 358 3033 loco
380 2976 556 3048 pontificum
579 2979 764 3046 sedentium,
795 2979 845 3049 qui
869 2969 987 3050 praeter
1006 2979 1190 3050 tyrannidem
1213 2981 1275 3035 nibil

241 3066 357 3136 sciunt,
381 3083 479 3137 neque
496 3077 620 3138 possum
638 3067 666 3120 in
683 3069 792 3122 misero
806 3054 921 3138 populo
939 3081 1098 3140 praestare.
1133 3069 1202 3126 Nec
1220 3087 1275 3126 sum

178 3143 185 3162 ‘
237 3158 369 3224 veritus,
386 3158 466 3229 quod
478 3157 534 3212 hac
553 3157 766 3227 praedicatione
784 3175 906 3212 onerem
923 3159 1039 3216 nodio
1058 3171 1087 3217 et
1105 3161 1277 3217 inuidiaeue.

221 3257 372 3304 ¹ierorum
389 3245 578 3319 pontificum,
601 3230 708 3317 regum
727 3258 756 3302 et
778 3249 962 3320 principum,
987 3251 1145 3306 autetiam
1168 3253 1198 3307 in
1212 3253 1280 3325 pen'.

216 3339 338 3408 sculum
354 3339 430 3392 vitae
447 3337 581 3404 traham,
599 3338 836 3413 qnandoquidem
850 3339 939 3394 hodie
956 3341 1070 3395 nullum
1082 3343 1219 3414 flagirium
1236 3361 1280 3414 per

239 3437 284 3482 est
307 3428 379 3482 huie
404 3427 454 3480 uni
481 3437 509 3481 et
533 3443 651 3482 stimmo
678 3427 849 3498 sacrilegio,
878 3429 994 3484 scilicet
1017 3429 1204 3502 Euangeliou
1227 3435 1279 3488 Dei

195 3550 200 3560 =
240 3517 403 3581 isonium,¹
419 3517 459 3570 ob
476 3517 556 3587 quod
577 3517 639 3586 jum
655 3516 739 3570 mum
756 3519 927 3586 sangiainem
950 3519 1091 3576 fuderunt
1111 3525 1279 3587 constantis.

239 3607 330 3672 sune,
346 3591 430 3660 inter
446 3623 522 3678 quos
546 3607 574 3660 in
591 3607 691 3678 primis
709 3608 810 3662 lucent
827 3597 972 3664 {linricus
996 3617 1025 3665 ei
1040 3611 1178 3668 Joannes
1195 3615 1278 3670 Brus.

189 3741 191 3749 Α
239 3694 328 3748 sellae
344 3711 398 3765 per
415 3695 564 3765 sophistas
583 3695 782 3762 Lovaniensea
799 3697 915 3767 exusti,
933 3709 1046 3772 etpost
1064 3717 1119 3759 eos
1137 3702 1277 3760 Hearicus

289 3925 322 3977 ii*
336 3934 432 3990 euris?
457 3949 488 3992 el.
