2736 4564
168 275 275 349 '28

233 443 323 517 plicet
346 456 414 497 saras
443 427 652 512 blasphemias.
687 441 778 497 Plana
802 441 898 496 malus
917 439 1036 512 spiritns
1061 446 1123 506 est,
1148 439 1203 494 sed
1226 437 1296 494 boe

232 551 327 594 unum
345 535 429 590 deest
447 551 516 588 suae
535 535 677 600 malitiae,
695 533 776 605 quod
794 533 953 600 stolidum,
971 531 1121 602 stupidum
1139 540 1170 584 et
1187 531 1295 585 indoc.

232 633 297 679 tum
314 640 366 679 vas
384 624 502 680 obsidet
526 632 555 678 et
572 633 715 693 occupat:
744 619 912 693 quanquam
938 620 1070 691 etipse,
1098 621 1295 691 quantamvis

231 729 378 795 nequam,
404 731 460 769 suo
478 715 584 768 furenti
601 713 712 784 impetu
731 712 801 768 satis
819 711 968 776 declaret,
994 725 1083 780 quam
1106 710 1144 764 sit
1161 709 1296 764 circum.

179 849 191 856 .
231 805 361 876 scriptus
380 805 554 876 scripturis,
571 815 600 859 et
617 803 687 860 nihil
700 803 829 869 habeat,
846 803 927 873 quod
945 801 1041 873 possit
1058 815 1220 870 proregno
1234 816 1295 855 saro
1365 877 1366 884 ἵ

230 893 261 950 in
279 894 464 966 Paprnsibus
481 895 567 963 digna
584 895 761 968 producere.
797 893 891 966 quue
909 892 990 948 dolet
1009 892 1130 948 Satanae
1148 889 1224 944 isti..

299 983 392 1058 Quod
408 983 493 1050 dico,
515 995 548 1039 ut
566 985 663 1048 animo
681 991 870 1038 contemtore
897 992 926 1037 et
942 993 1047 1054 pacato
1075 983 1103 1036 in
1128 997 1199 1034 eum
1217 981 1296 1036 scri*

228 1071 326 1140 batis,
348 1091 404 1128 nec
427 1073 532 1128 irritari
550 1089 606 1130 vos
625 1073 744 1140 sinatis,
771 1074 854 1146 quasi
872 1073 902 1128 iu
920 1073 1084 1128 hominem.
1118 1071 1188 1126 ΗοοΙ
1209 1071 1295 1126 euim
1365 1075 1366 1116 l

228 1175 385 1254 contemtu
402 1165 463 1234 (sic
480 1176 598 1230 tannen,
616 1168 656 1231 lut
673 1163 859 1220 irrisionibus
877 1179 946 1218 erun
963 1162 1196 1236 provocetiset
1165 1163 1295 1218 etstul.
1365 1191 1366 1230 3

228 1258 307 1312 titiae
331 1255 474 1326 arguatis)
490 1255 703 1315 incredibiliter
718 1255 899 1312 irritabitis·
884 1266 913 1309 ct
931 1253 1100 1309 cruciabitis
1117 1253 1292 1326 superbiam
1365 1245 1366 1302 l

229 1347 435 1420 superbissimi
452 1366 487 1420 sp
536 1365 591 1414 us,
609 1359 642 1402 ut
658 1349 753 1404 multo
771 1347 871 1419 plures
890 1347 928 1401 sit
944 1346 1129 1402 evomitums
1147 1345 1300 1417 blasphe:

227 1439 322 1508 mias,
339 1449 369 1496 ct
387 1457 419 1495 se
436 1441 480 1512 ips
550 1441 732 1512 proditurus.

293 1529 359 1600 Ego
388 1533 412 1590 si
435 1532 517 1602 prius
544 1529 719 1604 scivissem,
747 1545 816 1582 eum
842 1545 910 1583 esse
928 1527 1090 1584 obsessum
1107 1527 1290 1595 daemonio,

225 1621 344 1690 egregie
362 1621 550 1675 daemonium
568 1621 786 1690 exagitassem,
804 1635 972 1690 quanquam
990 1618 1080 1672 etsie
1099 1619 1170 1673 satis
1188 1619 1291 1688 exegi.

226 1714 285 1766 tavi
303 1714 494 1784 imprudens:
510 1705 564 1766 sed
580 1712 629 1766 ubi
645 1711 748 1768 Latine
766 1709 931 1781 scripserit,
947 1720 981 1764 ut
996 1710 1151 1783 promittit,
1169 1710 1289 1778 faciam,

225 1803 309 1874 quod
325 1803 458 1858 nondum
476 1803 553 1882 fecis
576 1803 665 1856 Visus
684 1813 747 1856 erat
759 1801 867 1856 Petrus
881 1799 1048 1870 Suavenius,
1059 1801 1202 1858 idoneust
1221 1801 1290 1870 sed,

181 1953 184 1961 y
225 1895 293 1967 quia
309 1903 401 1950 antea
427 1903 570 1948 tractatus
586 1875 647 1948 'est’-
662 1909 677 1946 a
695 1891 909 1964 Lipsensibus‚
938 1909 1001 1946 non
1017 1892 1134 1946 videtur
1148 1893 1287 1949 Diabolo

165 1995 168 2006 ⁴
225 1981 319 2041 danda
336 1985 445 2040 veteris
461 1985 570 2039 furoris
588 1985 708 2040 occasio
726 1985 754 2038 in
768 2001 847 2037 eum.
881 1981 959 2057 Quia
975 1981 1097 2038 omnino
1110 1984 1286 2056 exemplum

223 2076 286 2132 boc
304 2077 455 2132 cavillator
471 2076 598 2130 daemon
620 2077 648 2130 in
666 2093 735 2132 eum
752 2074 954 2130 resuscitaret.
1002 2077 1005 2080 ’

187 2203 190 2210 -
291 2165 471 2222 Benedictus
490 2165 594 2229 Deus,
618 2165 670 2234 qui
685 2163 773 2218 nobis
792 2181 857 2218 earn
873 2181 935 2218 non
953 2163 1053 2218 solum
1079 2163 1159 2220 dedit
1187 2165 1285 2220 collat.

189 2271 192 2286 ¹
223 2255 384 2328 ttationem
394 2257 537 2310 adversus
550 2255 707 2326 spiritualia
720 2255 879 2327 nequitiae,
897 2255 1019 2326 insuper
1029 2255 1170 2312 revelavit
1181 2256 1285 2325 nobis,

222 2364 284 2402 non
302 2363 370 2401 esse
388 2362 509 2400 carnem
527 2355 575 2399 aut
592 2346 816 2414 sanguinem,·a
833 2344 941 2417 quibus
960 2363 1166 2418 oppugnamur
1182 2347 1211 2402 in
1227 2349 1286 2404 isra

222 2527 433 2599 hujusmundi
450 2528 550 2594 foras,
570 2527 635 2582 nbn
653 2528 737 2582 timet
754 2529 904 2600 ejeceram,
930 2545 1021 2602 quem
1044 2531 1207 2586 contemsit
1233 2533 1289 2602 eji.

222 2619 379 2675 ciendum:
397 2617 460 2690 ipse
479 2626 590 2686 regnat,
608 2625 637 2672 et
655 2629 757 2685 regnet
773 2619 802 2673 in
815 2617 902 2674 nobis
915 2619 1125 2690 peccatoribus
1143 2631 1173 2676 et
1185 2624 1286 2679 stultis

222 2711 306 2768 suis
325 2711 395 2764 dum
414 2709 500 2764 Satan
518 2709 611 2765 furit
604 2729 632 2766 ιιι
650 2709 832 2782 sapientibus
850 2720 880 2765 et
892 2709 982 2780 justis
1000 2712 1073 2766 suis.

289 2799 372 2870 Opto
390 2813 456 2854 esse
472 2815 550 2854 unus
568 2801 596 2853 in
616 2798 758 2854 Hebraeis
776 2799 955 2901 discipulus,
981 2799 1035 2856 sed
1053 2812 1086 2856 et
1099 2799 1264 2874 Philippi
1256 2821 1286 2858 ιιι

216 2887 469 2943 Colossensibus.
516 2888 617 2944 Gratia
635 2888 776 2954 Christo,
804 2889 854 2962 qui
882 2889 1067 2964 inenarrabili
1092 2892 1179 2947 dono
1199 2893 1284 2948 verbi

222 2979 268 3032 sui
287 2979 330 3032 sic
348 2995 405 3033 nos
424 2977 623 3051 locupletavit.
658 2978 726 3050 Ego
746 2980 789 3034 sio
799 2981 916 3048 gaudeo
934 2982 970 3036 de
983 2967 1082 3036 ve'stra
1094 2981 1284 3050 abundantia,

219 3081 254 3124 ut
270 3069 427 3126 mitissime
443 3071 536 3124 feram
552 3070 714 3126 absentiam
730 3071 799 3124 mei.
832 3071 927 3126 Video
954 3071 1032 3126 enim
1056 3089 1106 3128 me
1132 3091 1194 3129 non
1213 3091 1284 3132 esse

221 3175 298 3230 opus
316 3159 420 3228 vobis,
446 3163 499 3218 sed
523 3177 580 3215 vos
607 3175 676 3214 esse
694 3159 870 3232 opusmihi.
907 3160 980 3214 Vale
1003 3171 1032 3216 et
1060 3179 1115 3235 pro
1143 3181 1193 3218 me
1219 3183 1283 3220 ora.

188 3275 191 3290 ·
218 3247 271 3306 De
300 3249 479 3305 Gunthero‘
488 3249 612 3321 Stupitio
636 3249 751 3303 auditus
777 3249 856 3304 venit
883 3249 918 3303 ad
942 3267 998 3305 nos
1023 3269 1084 3308 non
1104 3253 1226 3328 placens
1253 3265 1284 3310 et

220 3341 329 3418 tristis,
355 3341 407 3395 sed
432 3355 522 3411 spero
546 3340 663 3394 inanem
681 3356 764 3396 esse.
798 3345 923 3396 Avertat
940 3341 1094 3396 Dominus
1120 3343 1147 3398 id
1173 3345 1258 3412 mali
1266 3363 1284 3400 a

220 3432 338 3487 ιίοιιιο
330 3442 405 3507 ista,
422 3431 531 3487 Amen.
566 3427 619 3486 Ex
635 3427 748 3485 Eremo
764 3446 850 3499 mea,
867 3447 945 3486 anno
963 3429 1121 3490 MDXXI.

913 3521 1070 3588 tMartinus
1086 3523 1251 3584 Lutherus.
