2736 4564
266 253 308 320 to
355 255 357 260 ·
622 215 629 264 ²
683 343 684 346 p
747 219 836 321 isat.

186 465 188 476 ,
269 423 296 466 et
313 411 374 468 hoc
390 413 501 470 veritus
519 429 602 480 sum,
625 414 799 486 nequando
824 413 895 469 mihi
920 429 988 475 cunt
1010 413 1151 473 alterutro
1174 415 1316 486 negotium

268 503 367 572 lieret,
384 506 503 576 quando
520 505 681 560 Erasmum
700 522 715 558 a
733 507 901 575 cognitione
918 498 1026 576 gratiae
1044 502 1243 578 longinquum
1261 524 1317 562 esse

268 595 418 663 viderem,
442 597 491 668 qui
513 613 574 650 non
593 597 627 650 ad
645 613 785 663 crucem,
810 598 863 650 sed
882 597 916 650 ad
934 600 1037 666 pacem
1054 607 1170 668 spectet
1185 599 1217 652 in
1235 599 1318 652 omni

225 722 237 738 n
265 683 324 740 bus
342 685 468 758 scriptis.
506 684 583 740 Hinc
595 686 693 740 carnia
705 694 786 756 putat
799 685 921 742 civiliter
932 695 962 740 et
978 685 1186 740 benevolentia
1202 688 1318 759 quadam

265 775 453 840 humanitatis
475 775 625 830 tractanda
649 775 850 846 gerendaque:
868 775 927 838 aed
949 774 1028 828 hanc
1044 791 1105 830 non
1123 785 1214 830 curat
1231 776 1317 830 Behe.

266 863 366 928 moth,
383 881 480 935 neque
497 863 568 918 hinc
587 866 747 936 quicquam
764 879 831 922 sese
850 853 1015 920 emendat*¹

302 996 303 1000 ,
330 953 458 1008 Memini
476 970 544 1021 me,
563 954 633 1007 dum
650 953 679 1008 in
698 941 877 1024 praefatione
896 954 993 1010 suain
1007 953 1132 1010 Novum
1146 954 1317 1010 Testamen.

264 1053 328 1098 tum
346 1043 381 1100 de
400 1059 431 1098 se
450 1043 515 1115 ipso
532 1045 658 1099 diceret:
684 1045 808 1113 gloriam
829 1044 913 1099 facile
937 1031 1099 1100 contemnit
1118 1043 1317 1112 Christianus,

210 1165 213 1170 ·
264 1136 294 1190 in
312 1135 402 1193 corde
420 1150 488 1190 mec
501 1137 662 1204 cogitasse:
681 1154 699 1191 o
715 1136 859 1202 Erasme,
875 1135 1002 1201 falleris,
1019 1135 1121 1192 timeo.
1149 1135 1266 1207 Magna
1278 1151 1317 1190 res

193 1223 197 1236 '
265 1235 311 1280 est
328 1226 449 1296 gloriam
467 1236 671 1282 contemnere.
706 1229 746 1280 At
769 1227 817 1282 itte
840 1227 883 1282 sic
908 1236 1102 1282 contemnere
1127 1242 1193 1282 eam
1213 1227 1317 1294 voluit,

207 1379 210 1388 Ι
265 1327 298 1371 ut
316 1317 484 1371 contemtus
502 1329 579 1371 esset
595 1335 655 1371 non
673 1317 709 1370 ab
727 1316 787 1372 aliis
805 1317 860 1372 sibi
877 1317 990 1385 illatus,
1017 1317 1069 1371 sed
1093 1317 1171 1388 apud
1189 1333 1260 1372 sese
1275 1333 1318 1370 co.

263 1394 379 1477 gitatus.
415 1408 473 1462 Sed
485 1417 652 1465 contemtus
665 1409 794 1476 gloriae
811 1408 835 1463 si
849 1407 878 1462 in
890 1407 984 1462 verbo
997 1408 1050 1481 git
1068 1408 1137 1462 nihil
1152 1417 1217 1468 est:
1234 1409 1317 1463 multo

263 1497 362 1552 minus
388 1497 412 1551 si
436 1497 464 1552 in
491 1497 665 1565 cogitatione
683 1507 797 1552 tantum
819 1497 920 1554 sueritr
946 1497 1059 1551 sedin
1076 1497 1192 1552 virtute
1211 1505 1320 1552 estre

262 1605 364 1662 gnum
381 1587 459 1657 Dei,
477 1587 514 1642 nit
529 1568 663 1644 Paulus.
685 1588 829 1656 Hincego
843 1587 940 1642 adhuc
952 1589 987 1642 de
1001 1587 1079 1642 nulla
1097 1605 1129 1644 re
1148 1605 1240 1643 ausus
1257 1605 1317 1643 suut

264 1695 321 1735 nec
339 1695 464 1759 possum
481 1680 614 1758 gloriari,
637 1677 692 1733 nisi
710 1679 745 1733 de
763 1679 856 1734 verbo
873 1679 1019 1748 veritatis,
1044 1680 1124 1751 quod
1149 1680 1232 1738 dedit
1252 1680 1317 1734 mihi

264 1769 426 1828 Dominus.
1191 1773 1200 1790 ¹

261 1927 264 1934 ι
329 1860 425 1930 Igitur
440 1861 559 1916 illorum
577 1859 701 1930 scripta,
720 1861 787 1931 qnia
804 1859 948 1916 abstinent
966 1861 1001 1916 ab
1020 1859 1221 1932 increpando,
1244 1879 1316 1918 mor.

218 2023 220 2028 k
264 1951 378 2018 denda,
396 1951 576 2005 offendendo
587 1950 702 2018 ,simul
721 1949 790 2006 nihil
809 1963 993 2022 promovent.
1027 1949 1158 2006 (rtvrlrter
1175 1969 1255 2008 emm
1272 1953 1315 2006 ad.

261 2040 366 2097 moniti
385 2039 544 2096 Pontifices
562 2040 617 2096 sibi
635 2040 798 2094 blanditum
823 2049 938 2110 putant,
966 2045 995 2094 et
1016 2038 1099 2095 velut
1118 2041 1172 2111 jus
1194 2041 1316 2096 habeant

262 2128 537 2198 incorrigibilitatis,
554 2139 762 2198 perseverant,
781 2129 929 2192 contenti,
946 2128 1026 2200 qnod
1044 2129 1190 2204 tremendi
1203 2131 1277 2196 sint,
1292 2143 1317 2184 et

213 2221 219 2232 '
262 2235 353 2276 nemo
372 2233 426 2272 eos
445 2217 664 2286 reprehendere
682 2219 794 2272 audeat·
831 2219 892 2272 llos
905 2228 975 2273 tuus
991 2217 1168 2274 Plutarchus
1182 2220 1211 2274 in
1223 2220 1316 2274 libello

261 2294 300 2361 ¹de
325 2306 492 2360 adulatione
516 2306 638 2364 tonnat:
663 2308 716 2360 sed
742 2307 859 2374 gravius
885 2309 913 2361 et
937 2307 1111 2363 horribilius
1139 2309 1316 2365 Hieremias:

209 2427 212 2433 ·
263 2395 475 2464 Maledictus,
499 2393 650 2470 quisacit
666 2411 746 2467 opus
762 2393 899 2449 Domini
911 2395 1165 2467 fraudulenter:
1192 2398 1317 2471 loquitur

264 2487 343 2540 enim
360 2486 395 2539 de
414 2501 505 2556 opere
528 2484 612 2553 gladii
636 2485 665 2540 iu
686 2483 792 2539 hostes
817 2484 889 2539 Dei.
923 2485 964 2550 Et
987 2501 1042 2556 ego
1067 2487 1157 2542 timeo
1184 2489 1267 2543 valde
1292 2500 1317 2543 et

215 2604 219 2612 =
262 2593 361 2631 vexor
378 2573 556 2638 conscientia
566 2575 671 2646 ,quod
689 2585 740 2630 tuo
753 2586 782 2632 et
795 2576 957 2630 amicornm
970 2578 1093 2632 consilio
1108 2578 1219 2634 cedens
1230 2579 1317 2632 Wor.

224 2727 227 2734 ,
261 2669 366 2722 matiae
385 2681 483 2720 remisi
501 2665 638 2736 spiritum
656 2681 774 2733 meum
801 2677 830 2720 et
856 2666 939 2720 idolis
964 2667 1020 2722 illis
1046 2685 1107 2722 non
1134 2668 1316 2723 exhibuerim

260 2755 357 2812 Elium
383 2755 541 2826 quendam
575 2753 640 2808 Alta
663 2755 814 2822 audirent,
842 2756 866 2808 ci
885 2755 982 2809 denuo
1001 2758 1125 2812 sisteret
1142 2775 1245 2819 corum
1261 2759 1302 2814 eis

263 2838 303 2899 de
317 2845 378 2899 hoc
395 2843 473 2898 satis.
858 2887 865 2901 .

329 2935 406 2988 Dux
424 2932 575 2989 lohannes
592 2933 693 2988 senior
710 2931 826 2986 tandem
849 2933 950 3002 novit,
976 2932 1025 2989 ubi
1052 2953 1152 3006 agam,
1176 2937 1317 2994 hactenus

263 3026 400 3094 ignarus:
422 3023 536 3095 hospes
553 3037 637 3078 meus
655 3021 735 3076 clam*
749 3021 773 3076 ei
790 3023 923 3093 aperuit,
942 3025 993 3078 sed
1014 3023 1088 3080 bene
1106 3027 1224 3082 tacebit.
1255 3026 1317 3096 Ego

170 3135 176 3144 ·
261 3114 314 3168 hic
338 3113 413 3168 hene
435 3114 553 3180 habeo,
577 3113 631 3168 sed
658 3129 803 3180 seguesco
826 3126 854 3167 et
877 3113 1056 3183 languesco,
1079 3129 1167 3188 atque
1183 3119 1256 3172 adeo
1272 3118 1318 3170 tri.

208 3256 209 3263 ,
263 3215 354 3273 gesso
372 3203 476 3275 spiritu
493 3203 593 3256 miser.
628 3201 724 3256 Hodie
743 3213 830 3257 sexto
849 3202 895 3256 dre
912 3217 1033 3258 excrevi
1050 3215 1128 3260 tanta
1146 3207 1267 3273 duritia
1288 3215 1319 3258 ut

178 3305 188 3328 Ν
262 3310 380 3381 paene
373 3294 500 3348 animam
522 3291 647 3346 cidarim.
684 3290 775 3346 Nunc
800 3292 892 3346 sedeo
914 3292 1034 3361 dolens,
1062 3295 1138 3350 sicut
1162 3313 1316 3368 puerpera,

262 3387 345 3439 lacer
367 3399 397 3439 et
418 3381 548 3438 saucius
556 3393 585 3434 et
609 3379 768 3448 cruentus,
782 3382 849 3436 bac
873 3395 961 3437 nocte
986 3400 1047 3438 non
1072 3383 1248 3456 habiturus,
1272 3399 1318 3442 aut

263 3475 412 3530 modicam
431 3473 569 3544 quietem.
647 3494 650 3500 ·

258 3628 261 3636 ‚
330 3563 448 3620 Grotius
473 3561 613 3628 Christo,
642 3560 691 3630 qui
715 3576 763 3614 me
782 3561 844 3617 sine
863 3561 992 3636 reliquiis
1011 3573 1130 3628 sanctae
1148 3567 1245 3622 crucis
1262 3584 1315 3622 non

265 3651 450 3720 derelinquit.
481 3653 574 3704 Sanus
592 3665 691 3704 essent
709 3649 745 3702 ab
763 3651 844 3705 omni
857 3654 1033 3722 saucedine,
1051 3654 1074 3708 si
1087 3667 1193 3710 venter
1204 3658 1314 3711 solutus

265 3747 355 3794 ess'et.
388 3739 483 3812 Quod
500 3740 578 3793 enirn
601 3739 629 3794 in
647 3728 777 3810 quatuor
802 3725 909 3797 diebus
924 3745 967 3810 ¹),
991 3745 1021 3798 in
1046 3747 1194 3816 egerendo
1223 3747 1313 3802 denuo

221 3865 226 3876 '
306 3879 335 3930 tl
358 3873 438 3922 muln
457 3871 573 3929 illicitat:
596 3874 718 3922 trunnui
733 3875 758 3922 tu
772 3874 1133 3932 rtnutnunnnutn.-
1106 3883 1193 3954 -Βῆ
1210 3883 1312 3933 ulerunt

266 3941 338 3990 nnuc
351 3939 552 3996 tnuutnnutrur
