2672 4554
358 378 362 386 ι
492 285 592 360 'isan
889 304 895 328 '
1014 287 1078 360 499
1110 289 1144 336 ³¹

38 443 176 516 Papistas.
204 435 347 520 Deniqt'ae
360 465 421 503 non
432 447 583 519 aegrotati
595 445 767 517 admodum,
782 445 864 520 quod
875 447 960 504 editis
971 445 1079 504 libellis

38 535 66 588 in
81 536 190 606 aliquot
206 536 283 616 locis
301 555 355 607 pro
373 539 491 593 illoram
510 539 600 609 gratia
625 539 782 610 captanda,
806 549 856 594 eut
878 540 979 594 latrare
1003 537 1080 594 mitia
1133 599 1136 614 Ι
1185 541 1193 548 “

38 627 143 692 gando,
160 641 216 708 ,¹²⁰⁵
231 629 435 696 acerbiusoule
447 629 643 693 momorderis
657 641 685 684 et
696 631 916 701 perstrinxeris.
952 629 1080 704 Quando
1157 650 1159 658 ·

40 717 112 768 einim
128 716 282 784 videmus,
305 720 437 774 noudum
459 735 528 774 esse
543 719 595 774 tibi
613 737 629 773 s
644 721 777 774 Domino
795 720 890 774 datam
910 735 975 774 eam
996 717 1082 777 fortia

38 807 164 860 tudinem
180 808 229 862 vel
246 821 276 862 et
291 812 317 874 1)
335 825 474 878 sensum,
491 820 524 864 ut
541 811 680 864 monstris
699 811 752 864 illis
769 810 879 864 nostris
896 810 990 867 libere
1005 811 1034 876 ²)
1052 819 1083 869 et

40 896 159 951 tidenter
169 913 313 954 occurras
330 899 508 968 nobiscum,
526 915 582 954 nea
598 897 658 967 ii3)
677 915 797 968 sumus,
814 901 865 972 qui
881 917 906 952 a»
914 911 945 954 te
961 901 1083 970 exigere

38 988 193 1042 audeamus
210 981 240 1055 ⁴)
258 989 413 1061 id,=quod
436 991 517 1046 vires
541 1001 571 1045 et
594 991 717 1046 modum
737 1002 823 1045 tuum‘
838 1001 975 1062 supemt.¹
1002 990 1084 1064 Quin
1148 1046 1152 1058 ,
1248 1029 1252 1046 .

40 1077 267 1133 imbecillitatem
284 1090 366 1133 tuam
382 1072 414 1146 ⁵),
435 1089 466 1134 et
480 1095 656 1134 mensuram
673 1080 741 1134 doni
760 1080 819 1136 Dei
835 1073 866 1148 ⁶)
890 1081 919 1135 in
936 1091 965 1135 te
981 1082 1088 1134 tolera.

42 1168 137 1223 vimus
154 1178 184 1222 et
200 1171 331 1224 venerati
348 1169 502 1225 fuerimus.
519 1162 549 1237 7)
582 1169 661 1226 Nam
685 1171 715 1223 id
739 1171 822 1241 plane
841 1186 901 1226 non
918 1181 1017 1242 potest
1034 1187 1087 1226 ne-

40 1275 103 1326 gare
119 1269 203 1314 totus
221 1258 324 1325 orbis,
347 1262 429 1331 quod
445 1261 548 1316 literae
562 1247 600 1328 ὅ)
612 1261 718 1316 florent
734 1271 764 1316 ot
779 1271 917 1330 regnant,
941 1274 995 1332 per
1012 1273 1087 1332 quas

41 1347 74 1402 ad
91 1348 237 1402 sinceram
252 1347 418 1404 Bibliorum
439 1350 597 1404 lectionem
619 1349 753 1418 venitur,
779 1351 892 1404 doniam
916 1351 1002 1420 stiam
1027 1348 1108 1404 Dei=
1148 1337 1163 1357 ⁴

42 1454 105 1494 esse
121 1439 151 1493 in
168 1450 197 1492 te
215 1439 402 1516 magnificum
420 1449 449 1492 et
466 1439 631 1510 egregium,
650 1439 686 1493 de
704 1455 765 1510 quo
783 1441 889 1509 gratias
902 1453 987 1508 agere
997 1453 1090 1511 oport

42 1528 103 1582 tuit.
137 1527 269 1583 Proinde
292 1545 348 1598 ego
374 1529 494 1600 quidem
518 1545 670 1600 nunquam
697 1530 812 1600 aptati,
841 1542 874 1584 ut
899 1531 1014 1598 deserta
1040 1538 1091 1582 aut
1117 1545 1119 1554 ’

42 1595 173 1687 ιιεςὶεοῖε
190 1635 328 1674 mensura
345 1631 395 1673 tua
411 1621 522 1673 nostris
538 1621 646 1674 destris
664 1618 854 1687 misceretis,
881 1620 929 1671 cui
952 1619 1090 1686 negotio,
1113 1630 1115 1640 ’

42 1709 94 1762 etsi
120 1707 237 1778 ingenio
263 1717 292 1762 ot
318 1707 488 1778 eloquentia
515 1709 642 1762 multura
670 1709 817 1779 prodesse
841 1723 965 1778 posses,
983 1708 1099 1762 tamen.

42 1815 111 1852 cum
127 1811 189 1852 non
206 1797 279 1852 assit
297 1797 430 1864 animus,
450 1797 544 1852 ,tutius
570 1807 631 1850 erat
652 1797 682 1850 in
700 1807 752 1851 tuo
770 1798 850 1851 dono
867 1797 991 1852 servire.
1025 1797 1095 1850 Hos

42 1889 140 1942 solum
156 1887 333 1953 timebatur,
350 1901 388 1939 ne
406 1885 523 1956 quando
538 1893 594 1956 per
609 1885 794 1940 adversarios
807 1885 996 1940 adducereris
1011 1884 1095 1938 editis

41 1977 148 2030 libellis
172 1977 201 2029 in
225 1975 360 2044 dogmata
382 1987 482 2028 nostra
507 1975 650 2044 grassari,
676 1985 705 2028 et
726 1985 795 2028 tum
807 1976 973 2030 necessitas
990 1989 1046 2028 nos
1064 1965 1096 2040 ⁹)

41 2075 178 2134 urgeret,
196 2063 309 2130 ²⁰):ubi
333 2064 369 2120 in·
384 2063 491 2118 faciem
511 2063 662 2119 resistere.
680 2062 717 2129 ¹¹)
752 2065 1000 2136 Compestuimus
1024 2079 1096 2119 saue

42 2157 171 2226 aliquot,
190 2155 232 2221 ¹²)
253 2154 302 2225 qui
322 2153 384 2226 jam
409 2153 515 2224 paratis
531 2153 623 2208 =libris
647 2153 724 2207 tein
743 2165 863 2210 arenam
879 2153 997 2210 trahere
1013 2153 1096 2208 volet

42 2246 131 2316 bant,
149 2259 238 2317 atque
257 2261 291 2299 ea
310 2244 383 2298 ratio
401 2243 472 2312 suit,
489 2253 522 2298 ut
539 2253 569 2298 et
585 2243 705 2298 Hutteni
718 2243 994 2315 Expostuletiouem
1013 2253 1097 2316 optat
1131 2309 1145 2322 s

44 2339 98 2392 rim
120 2354 187 2391 non*
205 2335 326 2402 editam,
348 2335 446 2404 'multo
468 2333 566 2388 minus
591 2327 671 2387 tuam
688 2333 861 2406 Spongiam,
880 2335 1014 2405 tneque,
1037 2334 1097 2390 nisi

46 2428 146 2494 fallor,
161 2423 199 2493 ¹³)
217 2425 324 2496 tuipse
338 2424 400 2494 jam
413 2416 525 2490 se'ntis,
543 2439 631 2494 aquarn
650 2423 736 2476 facile
754 2423 790 2476 sit
808 2425 843 2476 de
860 2417 1007 2478 modestia
1021 2423 1098 2476 sori.

45 2516 133 2584 bere,
159 2525 187 2569 et
210 2513 239 2568 in
262 2512 399 2569 Lnthero
424 2509 648 2568 immodestiam
666 2511 860 2580 redarguere,
880 2504 925 2575 ἰὴ)
939 2513 1001 2566 ned
1025 2511 1098 2566 diffi-

48 2607 186 2660 cillimam
206 2607 266 2659 imo
285 2602 465 2674 impossibile
482 2609 629 2673 praestare
646 2601 703 2655 nisi
721 2595 800 2656 dono
814 2599 935 2672 spiritns
948 2601 1098 2670 singulari

49 2696 156 2750 Credas
175 2695 262 2764 igitur
279 2694 326 2746 vel
349 2709 411 2746 non
433 2691 554 2757 credas,
579 2689 665 2745 testis
689 2697 744 2743 est·
759 2685 912 2758 Christus,
937 2705 976 2744 ex
998 2691 1096 2744 anima

33 2775 98 2840 ”tibi
117 2785 279 2842 condolere
297 2799 364 2850 me,
380 2771 421 2849 ¹⁵)
446 2789 490 2834 tot
507 2791 537 2834 et
554 2787 704 2834 tantorum
722 2778 788 2832 odia
805 2779 853 2833 vel
864 2779 965 2834 studia
981 2779 1097 2835 esse'in

50 2885 75 2928 te
92 2875 215 2942 irritata,
234 2872 342 2944 quibus
359 2879 393 2924 ut
410 2868 635 2923 nonmovearis
654 2868 749 2939 (quod
766 2877 815 2922 tua
832 2877 877 2927 est
894 2867 1020 2924 bumana
1037 2870 1097 2924 vire
1183 2899 1186 2904 -

51 2977 94 3020 tus
111 2965 202 3020 tantis
216 2962 346 3017 molibus
364 2959 473 3031 impar)
484 2958 613 3012 eredere
630 2969 696 3012 non·
709 2973 840 3028 possum.
874 2959 1055 3036 Quanquam
1066 2960 1098 3015 'et

52 3055 117 3109 illos
135 3055 212 3108 forte
228 3048 461 3119 moveatjustus
480 3048 579 3116 aelus,
598 3055 629 3100 et
642 3039 678 3111 ¹⁶)
695 3047 750 3101 sibi
761 3043 954 3116 ·videlrtnr¹⁷)
972 3049 1100 3118 indignis

50 3143 149 3199 modis
175 3152 194 3195 ι’
210 3153 242 3196 te
255 3137 433 3212 provocari.
466 3135 507 3190 Et
523 3138 579 3220 40¹*
596 3133 688 3206 libere
699 3137 813 3204 ¹fatear)
835 3153 905 3191 eum
925 3135 999 3192 tales
1022 3137 1099 3204 sint,

32 3281 37 3290 .
54 3235 102 3306 qui
119 3243 201 3288 tuam
217 3231 405 3287 acerbitatem
422 3231 453 3282 et
468 3225 685 3282 simulationem
697 3229 805 3298 (quam
822 3238 855 3280 tu
872 3227 1100 3296 prudentiamne

53 3324 230 3378 modestiam
246 3321 320 3380 velis
336 3313 380 3388 ιδ)
396 3317 530 3388 intelligi)
555 3323 685 3388 promat
704 3327 826 3388 quoqne
841 3315 1004 3372 infirmitate
1021 3319 1098 3374 tene
1120 3334 1124 3345 ·
1193 3381 1196 3389 ,

54 3425 215 3488 nequeant,
231 3411 345 3468 babent
359 3421 440 3464 certe
458 3409 498 3463 ob
516 3408 597 3480 quod
613 3409 718 3464 merito
736 3407 938 3486 indignentur,
959 3407 1031 3464 nihil
1048 3409 1100 3464 ba.

56 3565 577 3592 W

103 3669 289 3726 intratum
302 3673 332 3716 Α.
363 3669 428 3718 lla.
443 3665 527 3712 libens.
561 3665 626 3717 ³)A.
641 3675 756 3711 ananau.
787 3665 987 3719 &mandemus
1019 3668 1096 3724 §liin
1198 3675 1200 3684 ⁴

58 3745 118 3804 opp.
136 3755 220 3792 meant.
264 3747 292 3862 ἕ)
310 3739 400 3787 illud
449 3739 473 3790 l)
493 3744 522 3785 Α,
540 3750 627 3784 samus.
649 3738 688 3784 Er.
704 3737 731 3783 0.
751 3738 844 3785 mimas.
892 3743 915 3792 d)
933 3741 1098 3862 &tqerte

58 3821 79 3872 95
92 3819 131 3866 Er.
145 3817 174 3865 0.
189 3829 233 3863 nos
245 3829 261 3862 n
279 3809 338 3862 ces'a.
377 3799 411 3864 io)
425 3815 453 3856 Α.
468 3815 494 3856 ut
507 3823 558 3856 cum
572 3821 625 3857 uec.
639 3821 689 3866 arr.
725 3813 758 3861 a)
773 3815 800 3856 Α.
815 3811 975 3860 resisteretur.

61 3893 210 3952 nunquan.-
251 3892 285 3941 13)
301 3886 397 3933 mail.
447 3885 731 3938 tth.lir.0.arauere.
782 3885 1096 3948 lSlA.Er.0.tt.t.a0ad,

61 3969 92 4023 tt)
106 3965 144 4014 aa.
158 3961 186 4015 0.
200 3969 234 4012 at.
285 3962 318 4017 tt)
331 3963 360 4012 Δ.
373 3959 412 4010 dr.
427 3958 454 4014 0.
468 3957 603 4007 rideantur.
653 3959 686 4010 18)
700 3959 729 4007 Α.
744 3957 828 4013 vellet.
1035 3955 1039 3964 ’

1024 3816 1097 3869 tritt.
1192 3799 1215 3824 ”
