2672 4568
716 140 728 203 t

68 307 79 314 -
145 254 148 260 ’
189 337 202 378 ,
252 243 345 366 Μ’
688 311 691 317 ·
725 295 816 362 tnta.

289 454 486 511 Charissimo
493 451 621 524 fratri,
639 453 692 509 M.
712 455 851 528 Georqio
869 453 1058 528 Spoletino,
1075 454 1111 510 in
1129 453 1254 512 cbristo

711 561 777 599 suo.
795 543 822 610 ¹)

248 654 399 754 Salutem.
432 697 530 753 Paene
548 697 661 754 obruor
678 699 770 755 literis
787 683 936 768 legendis,
951 699 1027 770 quid
1045 707 1133 771 putas
1152 697 1295 769 temporis
1331 729 1332 748 i

244 791 366 861 perdam
383 790 619 860 respondendis?
652 789 703 844 De
720 789 789 842 loco
805 788 942 842 Joannis.
955 787 1041 858 XVI,
1062 789 1118 852 (8.)
1137 803 1234 858 meam
1250 805 1291 840 ac.
1331 843 1332 848 ἵ

246 879 313 948 cipe
332 865 514 934 sententiam.
540 877 682 950 Spiritus
700 884 815 950 arquet
831 877 984 931 mundum
1001 877 1038 930 rle
1054 884 1205 948 peccato,
1221 877 1291 949 quia

243 983 309 1022 non
326 969 460 1022 credunt
476 968 510 1022 in
529 967 707 1023 Christum:
728 967 789 1022 hoc
809 969 887 1022 enim
905 979 1064 1038 peccatum
1083 967 1292 1020 incredulitatis

243 1059 370 1112 mttndus
389 1058 557 1127 ignorabat,
585 1069 614 1112 et
631 1059 772 1128 operibus
790 1057 897 1112 fidebat
915 1067 944 1111 et
962 1057 1031 1119 sidit.
1067 1060 1108 1111 At
1131 1057 1212 1112 sicut
1233 1073 1292 1110 cre

244 1148 323 1202 denti
349 1148 461 1202 nullum
483 1159 641 1220 peccatum
666 1157 824 1236 peccatum
850 1157 912 1214 est«,
940 1145 977 1200 ita
1002 1145 1159 1202 incredulo
1183 1147 1294 1200 nullum

241 1237 356 1292 bonum
373 1253 449 1310 opus
467 1237 577 1292 bonum
596 1253 672 1308 opus
691 1247 746 1292 est.
780 1237 831 1292 De
845 1235 980 1305 justitia
998 1254 1087 1305 vero,
1115 1237 1194 1310 quia
1217 1237 1291 1292 vado
1331 1231 1332 1276 l

243 1329 290 1382 ad
304 1329 455 1397 Patrem,
479 1335 508 1382 et
531 1329 669 1382 mundus
685 1345 732 1381 me
749 1341 814 1382 non
831 1327 930 1382 videt:
956 1328 1032 1381 hanc
1054 1327 1206 1397 justitiam
1223 1345 1292 1399 quo.

242 1437 301 1490 que
319 1421 445 1474 mundus
462 1419 575 1488 nescit,
601 1427 757 1490 quaeest,
785 1417 908 1472 credere
928 1417 1080 1472 Christum
1106 1435 1160 1488 per
1184 1419 1292 1490 passio.

242 1528 311 1565 nem
328 1510 497 1564 ascendisse
516 1519 542 1564 et
560 1501 692 1564 omnium
705 1509 856 1562 dominum
873 1511 1000 1576 tactum,
1018 1519 1051 1562 ut
1064 1525 1172 1562 omnes
1187 1509 1292 1562 salvet:

242 1601 309 1656 ideo
328 1601 406 1654 enim
423 1617 483 1654 non
500 1599 634 1666 videtur,
653 1611 686 1653 ut
704 1601 859 1666 credatur,
878 1600 1000 1660 ethaeo
1018 1608 1066 1653 est
1079 1599 1198 1667 justitia
1213 1599 1290 1664 fidei,

240 1707 301 1744 non
319 1706 452 1760 operum.
486 1687 537 1743 De
543 1688 670 1756 judicio
688 1693 811 1755 atatem,
828 1688 905 1762 quia
919 1688 1074 1760 princeps
1090 1689 1207 1742 mundi
1218 1691 1292 1756 jam

230 1781 402 1850 Jurltcatus
415 1787 481 1840 vest:
500 1785 527 1834 et
544 1778 605 1833 hoc
619 1779 766 1846 judicium
783 1779 880 1832 nescit
898 1775 1045 1846 mundus,
1064 1779 1137 1831 dum
1154 1773 1290 1849 sapit'ea,

199 1891 202 1896 ·
241 1881 316 1944 quae
334 1871 411 1924 bona
429 1880 497 1924 sunt
515 1869 611 1938 cami,
634 1879 664 1922 et
682 1869 744 1921 odit
761 1885 902 1936 crucem,
927 1884 1002 1938 quae
1021 1861 1231 1939 est'sepientia
1247 1886 1291 1922 au.

238 1949 311 2034 tiqui
330 1961 474 2032 serpentis
494 1959 589 2013 infusa
606 1958 704 2012 nobis.
739 1959 778 2012 At
791 1959 906 2028 justitia
925 1958 989 2012 fidei
1008 1960 1099 2014 docet
1115 1975 1216 2013 amare
1229 1977 1290 2012 cru.

240 2071 324 2120 cern,
343 2063 372 2106 et
390 2049 487 2105 omnia
505 2050 661 2120 amplecti,
680 2065 755 2119 quae
773 2050 913 2120 princeps
931 2049 1030 2104 orandi
1046 2061 1076 2105 et
1088 2053 1219 2106 mundus
1233 2053 1290 2122 ipse

241 2143 314 2210 fugit
332 2153 361 2195 et
379 2141 458 2208 odit,
484 2149 516 2196 ut
534 2139 740 2210 ignominiam,
766 2149 985 2209 paupertatem,
1009 2153 1158 2206 mortem,
1185 2158 1291 2212 oppro-

240 2231 320 2296 bria,
340 2231 459 2297 damna,
478 2238 536 2284 etc.
570 2227 652 2298 Ergo
672 2239 701 2281 et
718 2227 848 2296 arguitur
865 2221 1010 2296 mundus,
1029 2230 1112 2300 quod
1130 2231 1204 2284 huic
1218 2231 1290 2300 judi.

242 2321 291 2373 oio
304 2319 446 2391 principis
460 2319 505 2373 sui
517 2318 675 2386 adhaeret,
695 2327 724 2372 et
741 2328 864 2389 propter
881 2333 1005 2373 crucem
1022 2319 1051 2374 in
1070 2319 1195 2374 Christo
1212 2337 1291 2376 scan-

241 2410 390 2463 dalisatur.
403 2447 410 2460 .

306 2523 400 2578 Mitto
417 2523 515 2581 literas
533 2521 646 2593 aliquot
662 2519 844 2588 amicorum,
862 2519 1011 2591 inquibus
1025 2521 1089 2593 ipse
1103 2521 1204 2594 legas,
1223 2543 1290 2597 quae

241 2614 330 2686 petis.
364 2611 509 2667 Erasmus
535 2609 564 2663 in
588 2626 640 2663 sua
658 2608 862 2680 Epistolarum
886 2611 1029 2679 tarragine
1055 2613 1157 2682 prodit
1180 2617 1291 2670 tandem

188 2708 194 2763 ’.
241 2704 340 2760 hostis
359 2702 483 2758 Lutheri
502 2711 531 2755 et
548 2697 697 2754 doctrinae
715 2699 779 2768 ejus
798 2715 836 2753 ex
859 2699 971 2754 animo:
998 2701 1052 2754 sed
1076 2703 1155 2758 fucis
1179 2715 1211 2760 et
1235 2715 1292 2758 asto

242 2795 405 2849 verborum
429 2791 570 2846 mentitur
590 2805 659 2844 sese
686 2787 823 2841 amioum.
858 2788 891 2842 ln
914 2805 971 2858 qua
997 2808 1029 2844 re
1057 2794 1248 2848 autoritatem
1269 2806 1291 2848 α

243 2901 354 2940 nomen
372 2899 459 2938 suum
477 2880 592 2949 egregie
610 2877 813 2950 pessundabit.
847 2877 962 2932 Melior
979 2889 1025 2934 est
1041 2881 1156 2938 Eccius
1168 2873 1232 2953 eo,
1248 2885 1291 2954 qui

212 3021 215 3030 ,
244 2985 344 3046 aperta
362 2976 459 3026 fronte
477 2973 598 3026 hostem
615 2968 779 3038 profitetur.
814 2967 900 3021 Hunc
928 2979 1037 3024 eutem,
1051 2973 1290 3042 tergiversantem

246 3073 276 3130 et
292 3063 467 3128 subdolum,
493 3070 556 3113 nun
578 3058 706 3110 amicum
730 3065 793 3110 tum
816 3056 955 3124 hostem,
979 3059 1125 3115 detestor.
1161 3063 1290 3118 Christos

231 3154 319 3212 .vivit
336 3163 366 3206 et
384 3148 547 3206 contemnit
563 3148 651 3200 etiam
669 3145 834 3216 principem
851 3146 951 3200 mundi
961 3185 970 3214 ,
989 3159 1018 3201 et
1035 3165 1162 3218 omnes,
1185 3154 1237 3224 qui
1254 3169 1292 3208 se.

247 3257 377 3318 quantur
388 3238 536 3308 judicium
553 3236 629 3305 ejus.

311 3365 366 3418 Est
385 3371 413 3416 et
431 3357 485 3413 alie
506 3356 651 3412 sententia
676 3356 712 3408 de
735 3341 958 3412 loco-loannis.
976 3357 1054 3419 XVI.
1082 3371 1189 3418 nostro
1208 3363 1292 3416 ll'en.

247 3456 366 3520 ceslao,
385 3469 460 3523 qnae
473 3449 584 3521 placet:
603 3461 691 3515 qttam
703 3444 772 3498 alias
786 3443 933 3512 scribam,
952 3447 977 3500 si
989 3449 1083 3503 voles.
1118 3451 1199 3505 Nam
1212 3453 1290 3512 illud,
1329 3487 1330 3490 =

226 3560 228 3564 ·
249 3545 329 3616 quod
348 3561 403 3611 ego
422 3543 457 3595 de
471 3537 586 3610 judicio
599 3534 683 3602 dixi,
708 3531 781 3588 mihi
801 3534 855 3604 ipsi
878 3537 1026 3592 nonsatis
1045 3539 1162 3608 placet:
1188 3543 1291 3622 simpli.
1329 3569 1330 3572 =

249 3635 371 3692 cissime
390 3632 468 3686 enim
485 3631 521 3682 de
542 3627 658 3697 judicio
685 3633 824 3678 extremo
842 3626 922 3693 argui
941 3627 1083 3704 tntmdum
1100 3641 1194 3700 puto,
1219 3633 1292 3704 quod

248 3725 376 3780 mundus
394 3719 523 3774 nescivit
541 3719 682 3782 futurum,
701 3714 767 3768 ideo
784 3730 883 3786 neque
894 3707 1007 3784 timuit,¹
1018 3727 1117 3791 nique
1129 3735 1290 3792 peccatum,

249 3847 774 3906 ---·-7-——---·l·-

300 3975 321 4025 t)
336 3968 397 4023 stad
411 3967 469 4016 cod
482 3965 537 4014 Jen.
