2672 4554
521 263 628 374 aaut!
824 246 826 260 ’
945 349 948 354 .
1025 300 1086 372 ιιι

40 465 181 539 spiritus,
206 475 237 522 et
258 465 370 540 reliqua
386 465 462 524 dona
479 475 508 524 et
523 465 601 524 bona
617 463 782 530 Ecclesiae.
816 462 976 524 Donanmr
991 471 1088 519 autem

39 557 132 614 nobis
157 557 361 630 per-‘verbum
383 558 536 630 Evangelii
562 551 635 616 tofis
658 558 890 630 praedicatum,⁴
902 553 1089 626 praedicante

39 647 122 702 enim
141 647 216 702 ioris
234 649 371 720 apostolo
388 649 438 704 vel
450 649 593 720 episcopo
604 645 807 717 Euangeliou,
824 661 879 700 seu
894 645 931 698 de
948 644 1010 699 istis
1023 658 1090 714 ,my-

39 738 145 794 steriis
170 723 256 808 lidei,
282 739 363 794 adest
387 739 475 794 simul
490 739 577 794 Deus
595 737 750 806 Christus,
776 747 805 792 et
823 733 969 806 clysterio
989 733 1091 789 eadem

39 828 71 884 in
87 824 182 884 corde
199 829 363 898 distribuit,
389 829 425 884 ad
440 828 565 884 verintm
583 829 655 882 toris
673 829 828 900 prolatum.
862 825 943 880 Sicut
967 823 1092 894 legimus

38 921 114 976 Act.
131 919 169 974 X.
162 958 189 988 .,
205 919 240 974 ad
251 919 377 976 verbum
387 920 470 976 Petri
484 913 635 992 purificata
649 933 717 974 esse
734 919 826 974 corda
842 917 973 987 gentium
989 915 1019 970 in
1035 913 1091 970 fida

37 1025 98 1080 per
115 1007 278 1088 Christum.

109 1098 162 1158 Ex
178 1097 286 1170 quibus
304 1116 384 1154 nunc
401 1099 472 1154 illud
484 1107 567 1156 certo
580 1110 611 1156 et
622 1097 811 1164 infallibiliter
821 1095 971 1168 sequitur,
985 1093 1095 1150 Ecole

38 1188 118 1246 siam
135 1189 248 1246 Christi
265 1205 326 1246 non
343 1205 434 1262 posse
452 1207 508 1246 nec
525 1191 634 1248 debere
656 1190 772 1256 audire,
797 1187 924 1254 docere,
949 1199 1038 1242 nome
1064 1194 1095 1242 et

36 1287 200 1352 acceptare
217 1279 306 1334 ullam
323 1280 406 1334 aliam
423 1281 600 1349 doctrinam,
619 1295 708 1352 quam
725 1295 800 1347 eam,
819 1293 876 1352 qua
887 1277 1095 1348 dispensantur

36 1369 102 1422 ista
118 1365 258 1439 mysteria
278 1368 349 1424 Dei.
381 1367 423 1424 Et
447 1369 473 1424 ai
496 1369 653 1440 quisunt,
677 1368 730 1442 qui
752 1367 827 1422 aliud
851 1367 1022 1440 dispensant
1045 1372 1095 1418 aut

36 1457 172 1534 docent,
195 1453 287 1532 quam
308 1459 363 1516 ista
384 1459 523 1530 mysteria
546 1458 624 1528 Dei,
650 1459 730 1524 tales,
750 1468 819 1516 sunt
843 1475 942 1530 neque
965 1453 1093 1531 apostoli

35 1565 142 1622 neque
160 1550 311 1622 episcopi,
329 1548 381 1606 sed
399 1549 527 1606 latmoes
546 1560 576 1606 et
593 1551 693 1618 tures,
709 1550 760 1622 qui
774 1533 902 1626 perdunt
918 1563 1008 1605 oves:
1029 1543 1096 1624 qui7
1155 1567 1161 1590 ι

37 1638 105 1695 bus
122 1639 232 1698 Paulus
250 1640 317 1697 Gal.
336 1640 361 1696 Ι.
380 1641 425 1696 sic
442 1639 605 1696 maledicit:
632 1637 756 1712 Siquis
778 1637 871 1692 aliud
888 1635 1095 1712 praedicatae.-

33 1731 107 1800 ra't,
130 1745 227 1806 quam
243 1746 302 1786 nos
316 1728 560 1802 praedicamus,
584 1727 757 1788 anatliema
781 1727 835 1782 sit.
865 1725 1016 1782 Probatur
1038 1725 1094 1780 sic.
1134 1736 1140 1748 ·

36 1819 125 1896 Quia
144 1837 214 1874 cum
230 1819 366 1875 Ecclesia
388 1829 438 1872 aut
460 1817 518 1872 ulla
543 1834 592 1872 res
616 1817 773 1888 spiritualis
795 1834 857 1872 non
881 1816 976 1887 possit
999 1815 1095 1882 nasci,
1147 1837 1159 1866 ε

32 1913 96 1980 ali,
117 1911 246 1976 vivere,
268 1925 371 1980 agere,
399 1909 538 1975 vincere,
561 1921 696 1976 manere,
721 1916 751 1961 et
767 1905 865 1962 omnia
883 1893 997 1974 facere,
1021 1919 1097 1980 quae

32 1994 218 2057 Ecclesiam
235 1999 356 2068 decent,
373 1997 431 2053 nisi
447 1997 610 2054 fundetur·
602 2015 631 2052 m
649 2014 704 2052 suo
720 1997 930 2060 lundunento,
954 1994 1020 2048 hcc
1032 2001 1096 2062 est,

31 2091 100 2145 nisi
120 2087 275 2168 Christum
293 2089 423 2160 acquirat
441 2096 591 2156 regentem
607 2087 637 2142 in
654 2103 688 2140 ea
705 2103 759 2158 per
776 2084 879 2154 iidem,
898 2083 1048 2158 spiritum,
1067 2087 1098 2138 et

32 2181 98 2234 alia
118 2179 196 2232 dona
213 2177 334 2265 spiritus
352 2178 415 2232 sui:
439 2193 562 2232 necesse
585 2188 654 2249 est,
674 2187 707 2231 ut
731 2176 795 2232 talis
815 2175 994 2248 praedicatio
1011 2173 1049 2228 sit
1066 2173 1097 2228 in

32 2267 203 2334 Ecclesia,
221 2285 282 2339 quo
300 2268 364 2322 solo
383 2277 412 2321 et
425 2267 508 2322 nullo
520 2268 576 2322 alio
588 2265 731 2322 subsistit.
765 2261 847 2336 Ergo
854 2259 945 2322 solus
957 2259 1096 2344 Christus
1176 2265 1178 2272 ’

34 2359 136 2426 debet
152 2355 334 2444 praedicari,
357 2367 385 2411 et
407 2372 499 2430 super
522 2358 744 2412 fundamentum
761 2355 840 2410 illud
857 2355 947 2428 poni,
970 2361 999 2414 et
1025 2354 1097 2410 fides

34 2447 167 2515 doceri,
193 2456 222 2501 et
239 2462 273 2500 ea
289 2463 363 2518 quae
381 2457 450 2502 aum
467 2447 552 2513 fidel,
575 2447 651 2524 sicut
660 2460 755 2520 supra
772 2445 848 2501 dixit
864 2444 993 2502 Paulum·
1019 2443 1096 2531 Non
1151 2475 1157 2492 ι

36 2537 133 2593 enim
148 2554 207 2592 nos
226 2536 313 2609 ipsos
327 2537 569 2644 praedicamus,
594 2535 651 2590 sed
667 2530 830 2594 Christum
846 2535 1021 2592 Dominum
1038 2551 1099 2589 no-

36 2635 162 2683 strum.
1119 2627 1121 2635 ⁴

114 2716 196 2794 Quid
212 2733 292 2772 nunc
309 2727 378 2772 sunt
400 2718 480 2786 leges
501 2726 532 2772 et
554 2695 710 2790 praccepta
728 2715 826 2790 Papae
849 2721 878 2770 et
901 2705 1110 2793 'conciliorum³

37 2809 80 2864 de
96 2807 241 2878 jejuniis,
259 2807 344 2863 lestis
353 2848 363 2876 ,
380 2807 531 2876 vestibus,
548 2798 634 2863 horis
653 2817 682 2862 et
698 2807 761 2862 aliis
776 2805 974 2862 illis-externis
986 2805 1098 2860 rebus?
1173 2839 1177 2847 ι

114 2897 170 2952 Hic
188 2906 233 2952 est
251 2897 337 2952 facile
356 2898 551 2970 respondere:
576 2896 692 2952 nullum
708 2897 824 2952 illorum
843 2912 909 2968 esse
927 2895 1097 2962 Christum,

36 3006 104 3044 nec
123 2987 207 3060 ponit
224 2988 462 3058 fundamentum,
480 3005 538 3042 nec
554 2987 603 3042 dat
620 2987 775 3062 spiritum,
793 3004 848 3042 nec
861 2997 905 3042 est
917 2967 1096 3060 dispensatio

37 3077 262 3150 mysteriorum
277 3078 346 3144 Dei.
382 3077 483 3151 Quare
500 3077 567 3132 sine
579 3077 637 3135 illis
648 3077 772 3133 habetur
784 3077 940 3146 Christus,
959 3087 988 3130 et
1000 3076 1097 3150 omnin

38 3185 126 3242 quae
145 3155 293 3244 pertineat
310 3167 345 3221 ud
360 3165 547 3236 Ecclesiam,
574 3175 603 3222 et
626 3167 689 3222 sine
706 3165 827 3224 Christo
844 3167 892 3221 illa
909 3166 1005 3221 oannis
1021 3163 1097 3217 nihil

38 3267 137 3322 stant,
156 3255 298 3328 quianon
316 3257 384 3311 dant
402 3255 505 3326 fidem,
525 3256 677 3328 spirltum,
700 3257 932 3329 necquicquam
947 3255 1023 3308 vitae
1040 3252 1109 3335 spi.x

39 3343 182 3404 ritualia:
205 3341 280 3400 haec
298 3346 376 3401 enim
393 3361 433 3400 ex
449 3347 518 3401 solo*
533 3345 670 3415 Christo,
686 3363 748 3402 non
765 3361 805 3401 ex
822 3354 874 3400 tuo
887 3343 1018 3416 jejunio,
1037 3359 1099 3396 non

40 3453 87 3493 ex
105 3445 162 3490 uto
180 3435 313 3504 cucullo,
338 3451 400 3490 non
424 3449 463 3489 ex
486 3449 536 3490 tuo
560 3436 765 3502 monasterio,
784 3429 942 3505 neque‘ex
961 3431 1098 3486 omnibus

40 3543 126 3599 quse
143 3541 273 3598 unquam
289 3525 386 3601 Papa,
411 3525 556 3594 concilia,
578 3525 817 3596 monasteriaque
839 3531 1025 3591 statuerunt,
1047 3539 1099 3578 ve.
1137 3533 1146 3558 t

41 3619 147 3674 stiunt.
900 3633 904 3641 ·

117 3705 153 3759 Si
161 3716 239 3764 nunc
255 3705 336 3778 Papa
353 3705 502 3762 doceret
491 3715 549 3761 ista
564 3719 618 3760 sua
639 3711 798 3776 praecepta
819 3719 886 3760 esse
908 3701 995 3772 talia,
1018 3701 1100 3776 qnod

40 3799 217 3864 salvarent,
241 3797 266 3852 sl
282 3795 456 3850 obedienter
470 3801 680 3862 servarentur,
703 3803 751 3848 aut
769 3793 957 3876 damnarem,
983 3790 1011 3846 si
1029 3807 1102 3846 con.

42 3897 274 3966 temnerentur,
294 3895 358 3941 tum
375 3885 438 3958 ipse
455 3893 537 3940 essct
558 3883 714 3939 verissime
730 3871 952 3948 Antichristus,
968 3892 998 3936 et
1013 3890 1099 3937 eruto
1171 3881 1176 3900 ‘
1250 3911 1262 3920 -
1322 3851 1323 3862 ἵ

45 3959 179 4036 Christo
196 3964 306 4032 faceret
323 3991 357 4032 ee
374 3977 471 4057 ipsum
487 3975 712 4030 tundamentum
728 3973 832 4031 salutis
847 3985 991 4030 aeternae.
