2676 4574
228 291 292 399 asu
689 240 804 361 ssu.

188 516 193 523 ,
223 452 323 528 Ωιιοά
347 453 433 523 lacit,
460 451 528 526 quia
550 464 659 509 nesus
685 454 713 509 io
730 467 862 528 operutn
880 445 1102 507 similtudinem
1122 435 1237 514 enar,
1259 453 1285 501 et

135 531 141 544 “
227 544 377 600 rationem
394 559 428 598 ee
447 544 572 599 formum
590 557 717 616 operum
733 543 869 613 negligit,
887 541 964 597 sicut
985 549 1033 596 est
1049 555 1123 601 mos,
1136 537 1285 593 simiarum

210 634 370 703 braium,
394 643 429 688 ut
444 633 603 694 satisfaciat
619 635 732 690 nomini
750 650 825 700 suo,
851 641 883 687 ets
899 633 943 688 sie
958 645 1031 686 vere
1049 628 1284 702 Sohatzqeyer,

227 724 256 782 id
273 725 383 797 estqui
400 723 604 779 nobilissimos
621 721 897 780 thesaurosvnrare
917 721 1173 789 audet,·sctticea
1189 719 1283 774 fidele

146 871 148 882 ⁴
227 814 423 870 conscientias
436 815 610 884 juventutis.

295 919 379 995 Quin
391 921 491 975 ethos
505 933 618 976 certum
632 930 689 990 est,
699 928 759 977 nott
772 921 865 976 fitisse
877 929 1072 993 praeceptum
1079 915 1225 973 Jonatlab
1237 925 1290 970 tan

208 1008 374 1082 rigidum,
390 1021 424 1066 ut
440 1011 463 1065 si
482 1028 571 1068 casus
588 1013 702 1067 tulisset
709 1053 719 1080 ‚
738 999 798 1068 non
815 1012 944 1086 potuerit
961 1010 1088 1066 dissolvi
1105 1021 1157 1064 aut
1174 1007 1290 1080 disper„

193 1169 195 1185 Ι
229 1102 306 1170 sari,
325 1101 577 1174 quemadmodum
592 1101 731 1157 Christus
749 1103 786 1160 de
803 1101 950 1158 sabbatho
961 1103 1070 1169 docet,
1086 1097 1207 1156 Matth.
1221 1095 1291 1152 ΧΠ.

227 1194 333 1260 Absit,
353 1191 548 1261 uenenatas,
566 1193 613 1248 vir
630 1205 763 1262 sanctus,
782 1192 901 1264 rigidius
917 1191 1050 1248 voluerit·
1064 1205 1156 1246 suum
1172 1205 1293 1262 praese·

227 1293 314 1355 ptum
332 1285 463 1350 servari,
489 1298 579 1353 quam
594 1281 682 1338 Deus
701 1297 810 1349 auum,
835 1297 869 1338 aa
885 1299 946 1340 non
963 1284 1083 1355 potius,
1107 1279 1161 1334 ubi
1177 1279 1292 1352 perien-

227 1371 291 1426 lum
309 1372 445 1443 corporis
463 1379 512 1427 aut
524 1371 637 1427 animae
653 1372 968 1460 ingruisset,jusserit
980 1371 1087 1426 omitti.
1122 1370 1203 1424 Satis
1224 1377 1291 1432 ent,

68 1419 85 1502 κ’
140 1536 142 1542 Ι
177 1539 182 1550 ,
230 1463 311 1535 quod
328 1462 388 1517 hoc
404 1461 511 1534 insigni
523 1464 664 1535 exemplo
682 1461 874 1535 probaretur,
893 1457 1079 1542 qusm'grata
1097 1461 1138 1517 sit
1154 1459 1292 1514 obedien

156 1584 165 1606 .
228 1552 269 1608 tie
287 1554 459 1622 parentum,
486 1553 510 1620 1)
527 1551 642 1620 scilicet
658 1551 848 1624 praevidente
865 1549 898 1620 ²)
921 1551 993 1606 Deo
1010 1552 1124 1606 futurae
1149 1549 1218 1605 illes
1235 1567 1293 1604 mo.

228 1643 395 1698 nachorum
408 1642 660 1709 abominationes,
678 1641 786 1715 qubus
801 1641 979 1698 contrariam
996 1641 1205 1698 obedientiam
1215 1651 1292 1695 emt

205 1773 208 1780 -
228 1732 372 1790 tradituri.
407 1733 489 1790 Haeo
513 1735 572 1790 duo
596 1745 665 1788 sunt
680 1735 776 1788 'terme
794 1733 929 1788 omniunt
951 1732 1166 1788 robustissima
1185 1733 1216 1788 in
1232 1747 1292 1802 spe.

117 1881 120 1886 .
208 1857 211 1884 t
231 1825 309 1879 aiem
327 1823 417 1879 totius
435 1809 523 1879 istius
537 1823 625 1892 libri,¹
638 1823 748 1896 quibus
765 1821 1004 1882 ruentibusnihil
1023 1821 1153 1878 eliorum
1171 1821 1289 1878 steterit.

273 1925 351 1984 *Sed
369 1930 399 1986 in
418 1928 474 1984 fine
492 1930 605 2000 miror,
632 1947 687 1988 cur
703 1947 765 1986 non
782 1929 854 1987 illud
877 1929 1050 2000 exemplum
1068 1929 1221 1985 Samuelis
1237 1945 1290 1982 mr.

229 2021 275 2091 gis
294 2031 414 2090 urgeat,
439 2019 490 2074 ubi
504 2021 607 2076 Hanno
625 2019 716 2076 lilium
734 2031 826 2076 vovet
835 2019 981 2076 Domino.
1015 2019 1162 2078 Breviter
1180 2031 1212 2075 et
1227 2019 1289 2073 illud

229 2119 437 2179 transeamus,
462 2127 500 2165 ne
517 2111 657 2183 cuiquam
682 2111 802 2166 infirmo
830 2110 1007 2184 scrupulum
1024 2109 1127 2168 iaciat.
1162 2107 1290 2168 Primum

230 2213 262 2260 et
285 2201 336 2256 hic
362 2202 492 2276 parentis
515 2213 562 2257 est
588 2201 751 2268 autoritas,
776 2201 855 2258 sicut
878 2204 907 2257 in
926 2181 1125 2270 Reclrabitis,
1150 2211 1185 2256 et
1202 2201 1289 2257 solunt

123 2297 129 2356 ζ
230 2308 324 2365 super
341 2308 454 2362 corpus
467 2303 497 2346 et
513 2309 578 2348 rem
590 2303 764 2360 externam,
782 2311 858 2365 quae
876 2294 906 2350 iu
921 2309 1012 2350 manu
1024 2291 1175 2348 Samuelis
1189 2299 1288 2348 essent

228 2381 304 2439 Nou
321 2381 400 2436 enim
418 2383 560 2452 castitas,
579 2399 655 2453 quae
674 2384 702 2438 in
714 2383 822 2440 nullius
833 2397 924 2440 manu
941 2393 1005 2452 est,
1021 2383 1198 2442 vovebatur
1214 2399 1289 2436 ama

160 2481 162 2484 '
228 2480 290 2541 tre,
315 2480 350 2528 ut
377 2473 421 2528 sie
448 2473 552 2528 iterum
570 2473 680 2546 duplici
696 2475 790 2530 tonna
816 2475 855 2532 sit
870 2476 959 2548 longa
986 2476 1177 2533 contrarium
1195 2483 1289 2530 votnm

230 2563 408 2646 mottsstiels
425 2563 515 2632 votis.
549 2563 657 2620 Tertio
669 2605 678 2632 ,
695 2575 802 2622 votum
814 2564 986 2636 hujusmodi
997 2565 1141 2624 divinitus
1153 2565 1289 2642 praescri

230 2667 317 2734 ptum
335 2667 365 2712 et
383 2657 555 2726 institutum¹
573 2665 635 2714 erat
654 2657 776 2716 Levitici
801 2657 922 2728 ultimo,
941 2659 1022 2730 quod
1038 2657 1130 2717 Deus
1149 2659 1198 2717 sie
1217 2668 1289 2714 curt

189 2745 196 2756 “
229 2738 331 2818 verat,
346 2757 382 2802 ut
400 2748 509 2818 siquis
527 2733 640 2802 uouere
659 2729 767 2816 vellet,
784 2747 847 2804 hoc
866 2748 923 2803 ritu
939 2758 1083 2817 voveret,
1101 2767 1142 2806 ne
1159 2761 1235 2805 vota
1250 2767 1289 2802 eu.

130 2869 131 2874 κ
231 2854 300 2898 rum
326 2849 427 2892 esseut
449 2837 625 2895 temeritatis
649 2835 796 2898 humanae
814 2835 952 2908 figmenta
977 2839 1040 2894 sine
1058 2841 1178 2909 verbo,
1207 2841 1288 2912 qualia

232 2938 302 2984 sunt
319 2926 548 2982 monachorum.
577 2926 675 2982 Nunc
688 2943 761 2981 vero
774 2941 844 2984 cum
858 2929 1047 3006 ceremoniae
1060 2930 1127 2984 illae
1141 2932 1287 2998 cessarint,

230 3018 346 3076 nullum
363 3027 409 3074 est
425 3013 574 3092 reliquum
591 3029 697 3075 votum
719 3016 859 3076 divinitus
877 3019 1114 3096 praescriptum,
1141 3039 1235 3096 quam
1248 3023 1287 3076 ba

232 3107 346 3186 ptismi.
430 3097 434 3112 ’
1263 3173 1270 3196 ,

165 3291 170 3296 q
298 3217 379 3274 Haeo
396 3215 496 3284 volui,
519 3215 560 3274 mi
579 3214 753 3286 Burmann,
778 3225 880 3276 tecum
898 3233 1019 3288 parare,
1042 3219 1186 3278 nesolius
1204 3219 1287 3274 taedio

233 3297 391 3364 efficereris·
410 3306 439 3366 in
457 3305 558 3364 libello
576 3307 653 3372 isto,
672 3307 757 3378 plene
777 3307 862 3378 longe
880 3306 1173 3378 minentissimo,³)
1190 3309 1222 3366 in
1239 3325 1287 3382 que

232 3399 328 3456 homo
354 3399 410 3456 iste
427 3391 459 3458 ⁴)
484 3397 661 3480 miserabilis
679 3397 724 3452 sio
742 3397 841 3458 omnia
858 3397 955 3456 divina
976 3405 1007 3454 et
1022 3398 1154 3460 bumana
1173 3403 1287 3458 coortu.

191 3539 195 3546 .
229 3490 294 3556 dit,
312 3501 344 3564 ut
362 3490 524 3547 videatura
538 3485 640 3544 Sataua
653 3488 720 3559 ipso
733 3477 765 3554 ς)
783 3479 939 3547 obsessus.
974 3489 1137 3560 Obsecro,
1157 3493 1226 3564 quis
1237 3493 1287 3550 bot

233 3595 295 3638 nou
313 3579 370 3640 soll
396 3565 516 3636 Satnnae
533 3579 660 3646 tribunt,
687 3587 765 3634 tanta
782 3580 901 3638 audacia
918 3587 1060 3652 torquere
1087 3592 1118 3638 et
1134 3583 1285 3660 depravare

178 3719 181 3731 .
234 3667 348 3730 divinas
366 3687 480 3742 voces,
499 3687 574 3743 quoe
592 3669 732 3732 omnibus
746 3669 919 3732 Christiania
933 3671 1128 3742 dictaesunt,
1146 3659 1185 3734 sd
1201 3659 1285 3734 sectas

286 3923 306 3972 tt
325 3919 384 3967 vlt.
400 3919 505 3968 fitiorum
519 3923 703 3979 eraapateutea
717 3921 756 3967 ob.
806 3922 829 3973 2>
847 3920 905 3970 vtt.
922 3931 1008 3982 praev.
1022 3914 1057 3974 ab.
1107 3927 1133 3979 d)
1153 3925 1284 3991 Vitplart

156 3989 161 4004 ⁸
237 3991 386 4044 ntuorlttoo.
436 3995 458 4048 d)
474 3993 532 4043 vit.
547 3994 598 4044 tue.
648 3995 671 4046 5)
688 3991 748 4045 Vll·
762 3995 778 4053 †
792 3995 900 4046 omuino
