2672 4554
516 316 605 387 1524.
677 311 679 320 ’
1018 319 1081 388 459
1180 326 1181 336 ’

36 465 182 547 Egregie
194 482 222 529 et
232 475 448 538 eruditissimo
461 477 558 546 Viro,
575 477 619 534 D.
633 475 793 552 Gregorio
803 476 927 547 Brnek,
945 477 1081 533 Ductori

97 563 138 617 V.
157 565 207 632 J,
232 565 432 622 cancellario
455 567 557 623 Ducis
580 569 745 624 Senoniae
768 567 946 666 Vineriee,
968 581 1025 622 suo
1045 567 1080 621 in

94 651 239 710 Domino
256 657 463 729 suspiciendo.
719 671 723 678 ·

35 785 143 886 Gratia
161 841 192 887 et
207 849 279 905 pax.
314 835 384 892 Viro
394 878 404 906 ,
424 837 473 909 qui
491 839 652 898 secundam
669 853 797 894 uxorem
814 837 940 894 consilio
953 837 1080 892 Carists.

33 919 68 972 dii
93 922 185 992 petit,
214 923 327 995 optime
343 925 477 984 Domina
494 927 630 990 Ductor,
655 929 700 984 sic
722 929 902 1000 respondeat
919 927 1079 997 l’rincepi:

30 1009 182 1080 Oportere
201 1007 297 1084 ipsum
315 1015 450 1070 maritum
469 1033 521 1072 sua
538 1019 656 1090 propria
673 1018 854 1072 conscientia
875 1031 944 1072 esse
962 1015 1078 1070 lirinum

31 1109 201 1156 encerttun
217 1119 271 1174 per
287 1104 412 1160 verbum
423 1105 499 1174 Dei,
518 1106 575 1162 sibi
591 1105 667 1161 haec
684 1101 785 1160 licere.
818 1105 882 1168 Eos
895 1103 1083 1175 ergorequiu
1179 1179 1189 1186 .

31 1199 90 1257 rat,
107 1189 159 1260 qui
178 1193 273 1248 verbo
289 1193 348 1248 Dei
367 1211 435 1250 eum
453 1205 548 1260 tutum
566 1197 703 1252 reddant:
729 1197 753 1252 si
771 1198 795 1251 is
811 1195 1008 1262 Carlatsdius,
1030 1194 1079 1248 vel

31 1280 99 1338 alius
118 1267 225 1350 luerit,
241 1282 314 1338 nihil
326 1285 361 1339 ad
372 1285 554 1357 Principem.
589 1277 699 1359 Neque
717 1285 836 1341 enimsi
854 1285 962 1357 elioqui
980 1284 1077 1338 incer.

31 1379 77 1444 tus
95 1381 154 1440 est,
175 1390 231 1444 per
247 1372 395 1446 Principis
412 1391 591 1438 consensum
608 1386 690 1448 tutus
708 1391 776 1431 esse
794 1375 918 1448 poterit,
944 1375 1031 1444 cujus
1048 1373 1077 1427 in

31 1458 86 1512 liac
103 1477 134 1515 re
150 1479 213 1518 non
230 1463 269 1518 sit
285 1463 446 1536 quicquam
463 1466 642 1532 decernere,
660 1477 690 1520 et
701 1465 889 1522 sacerdotum
901 1465 938 1518 sit
953 1480 1078 1534 respon.

32 1549 96 1603 dere
114 1551 241 1604 verbum
258 1551 338 1620 Dei,
364 1569 403 1607 ex
420 1553 506 1624 cujus
525 1571 577 1608 ore
595 1555 746 1626 requirent
770 1554 867 1622 legem
882 1553 1022 1619 Domini,
1048 1563 1079 1606 ut

32 1637 193 1693 Zacharias
211 1640 290 1695 dicit.
324 1641 390 1710 Ego
409 1629 479 1697 sanc
497 1644 610 1710 fateor,
635 1658 762 1696 menon
784 1657 872 1712 posse
886 1639 1075 1712 prohibere,

31 1728 53 1778 si
71 1733 134 1798 quis
154 1731 257 1801 plures
274 1731 346 1786 velit
357 1745 471 1787 uxores
484 1731 612 1798 ducere,
627 1747 685 1786 nec
696 1733 840 1801 ‘repugnat
859 1729 952 1784 sacris
970 1729 1078 1784 literis:

32 1833 129 1872 rerum
149 1833 249 1875 tamen
266 1821 343 1892 apud
360 1819 543 1877 Christianos
559 1822 589 1876 id
606 1819 734 1892 exempli
750 1820 861 1875 nollem
877 1819 973 1892 primo
986 1820 1078 1876 intro.

31 1905 110 1976 duci,
128 1911 208 1982 apud
227 1927 305 1982 quos
323 1911 409 1965 decet
426 1911 515 1966 etiem
532 1927 566 1966 en
583 1911 792 1979 intermittere,
811 1925 886 1984 quse
903 1911 982 1964 licita
995 1921 1076 1978 sunt,

32 2013 80 2068 pro
99 1997 225 2052 vitando
248 1991 404 2069 scandalo,
429 2012 459 2056 et
479 2015 534 2070 pro
559 2000 716 2056 honestate
739 2000 830 2064 vise,
855 2012 949 2071 qunm'
968 1999 1078 2070 ubique

30 2085 139 2141 Paulus
157 2087 259 2157 exigit.
293 2087 497 2144 Vehementer
512 2091 591 2144 enirn
608 2089 730 2144 dedecet
743 2088 943 2157 Christianos,
961 2103 1078 2144 summa

32 2184 57 2232 et
71 2177 237 2232 novissima
254 2178 396 2236 libertatis
413 2191 473 2234 tam
490 2181 576 2235 anxie
603 2195 658 2252 pro
682 2180 743 2236 suis
760 2179 927 2234 commodis
951 2178 1076 2253 secturi,

32 2275 56 2319 et
72 2275 173 2321 tamen
187 2269 318 2338 wigerii
332 2270 381 2328 illa
391 2273 428 2324 'et
449 2271 615 2325 necessaria
637 2269 789 2348 olraritatis
813 2269 969 2340 negligere.
1002 2269 1076 2326 ideo

32 2355 57 2410 in
73 2373 211 2413 sermone
228 2373 297 2414 meo
314 2361 393 2417 noliii
412 2359 488 2416 hanc
508 2364 666 2417 t'enestrsm
682 2361 812 2434 aperire,
837 2373 866 2414 et
890 2361 942 2416 virt
965 2361 1075 2429 credo,

32 2446 72 2500 sic
88 2447 241 2503 desertum
256 2447 354 2505 aDeo
365 2449 583 2518 Christianum,
601 2459 635 2505 ut
650 2457 711 2506 no'n
728 2460 816 2523 queat
833 2452 987 2506 continere
1005 2465 1076 2504 con.
1095 2488 1098 2499 .

27 2534 447 2622 juxdivinitueimpedits(?.)
466 2539 642 2609 curiositas,
658 2550 773 2607 metuo,
790 2539 821 2596 in
838 2539 984 2594 causasit.
1018 2539 1078 2592 Ve-

30 2639 91 2684 tum
110 2626 229 2682 sinitote
251 2626 313 2696 ire,
339 2645 400 2702 quq
425 2629 466 2698 it,
490 2630 568 2684 sorte
592 2631 679 2684 etiarn
704 2629 799 2688 adhuc
826 2627 1075 2688 circumcidentur
1103 2657 1106 2662 ·
1131 2676 1137 2700 „

32 2713 242 2786 Orlamundse,
261 2727 291 2772 et
306 2717 362 2773 toti
377 2717 507 2800 Mosaici
524 2719 614 2774 futuri
632 2729 711 2774 sunt.

89 2803 200 2878 Scripsi
219 2816 248 2862 et
265 2817 349 2862 antes
366 2807 403 2860 de
419 2807 478 2862 slio
494 2823 584 2874 casu,
602 2807 633 2872 ⁴')
655 2807 776 2876 nescio,
803 2823 838 2862 an
861 2806 960 2862 literas
979 2772 1075 2862 reddi.

32 2889 112 2960 derit,
130 2896 180 2967 qui
198 2897 323 2966 accepit.
357 2895 513 2952 Caeterum
531 2896 749 2968 praedicatores
765 2914 820 2968 pro
836 2897 975 2954 Olsnizen
994 2899 1070 2953 duos

31 2977 129 3040 hetheo.
162 2985 221 3040 Sed
245 3001 339 3056 unus,
364 3003 456 3058 quern
480 2987 609 3042 maxime
636 2987 745 3042 vellem
769 2987 799 3042 in
824 2987 884 3043 hoc
907 2987 1072 3045 ministerio

32 3072 151 3144 servire,
176 3077 355 3132 uxorculam
379 3077 488 3132 habet:
513 3077 643 3148 alioquin
670 3075 808 3136 omnibus
825 3077 943 3133 dotibus
961 3079 1073 3150 pollet,

32 3175 99 3229 quae
120 3165 330 3235 evangelistam
354 3165 476 3235 decent,
503 3163 668 3235 modestis,
696 3166 877 3235 eruditione,
907 3167 1016 3242 pietate
1042 3173 1074 3219 et

32 3263 141 3310 morum
167 3240 324 3314 honestate
353 3255 440 3312 simul
465 3272 533 3315 cum
560 3257 705 3312 uxorcula
733 3255 864 3326 insignis.
898 3253 978 3310 Nam
1002 3255 1072 3328 plus

33 3337 139 3400 duobus
156 3347 238 3404 armis
260 3345 405 3414 inculpate
430 3361 465 3400 ac
484 3361 587 3416 magna
611 3361 680 3402 cum
704 3345 787 3402 laude
811 3345 885 3401 vivit
906 3345 983 3416 opud
1003 3361 1070 3400 nos.
1097 3391 1103 3398 .

33 3425 59 3478 ls
83 3441 126 3486 est
149 3433 298 3504 parochus
316 3433 481 3506 Crsnecltio
506 3435 542 3488 nb
566 3434 708 3512 episcopo
733 3433 943 3503 Bombergensi
967 3434 1072 3510 pulsus

33 3517 67 3569 nb
82 3523 266 3593 conjugium,
292 3523 341 3582 cui
363 3524 523 3590 tolerabilis
548 3525 669 3591 suisset,
693 3523 717 3577 si
741 3532 889 3578 scortator
912 3533 942 3578 et
959 3524 1073 3578 adulter

33 3621 92 3662 esse
108 3613 268 3682 voluisset,
293 3613 321 3666 id
345 3613 425 3684 quod
444 3614 469 3666 ei
489 3629 669 3668 concessum
687 3629 722 3666 nc
739 3612 918 3684 permissum
936 3621 1005 3670 eret.
1040 3613 1070 3670 Si

33 3693 55 3754 is
70 3699 160 3767 placet
177 3701 225 3755 vel
243 3718 302 3758 non
320 3701 434 3774 piacet,
456 3711 505 3762 aut
521 3702 593 3758 lerri
610 3700 659 3762 iel
676 3717 737 3754 non
752 3701 822 3756 ferri
839 3710 956 3772 potest,
982 3701 1071 3771 signi.

34 3779 101 3844 ficari
118 3778 194 3858 pe'to.
227 3787 307 3846 Nam
326 3807 394 3843 eum
412 3790 441 3854 in
459 3792 571 3849 nostris
598 3787 764 3866 regionibus
786 3790 880 3846 teneri
903 3791 1011 3859 veliin,
1038 3801 1070 3850 nt

36 3914 544 3942 -ψ--ι--ι-ι--ι--ι-ρ-ιριῃ

74 3980 301 4065 domum
388 4006 391 4014 ,
