2736 4564
542 281 632 347 1521.
1008 372 1011 386 ι
1088 280 1130 352 di
1193 224 1196 232 ¹

54 436 197 506 pietatem
215 445 246 492 et
262 435 458 493 idololatriam
476 446 539 500 tota
556 439 624 506 vita,
642 439 708 510 quie
727 447 847 510 voveat,
866 455 933 496 sese
949 437 1048 510 bonos
1065 441 1130 496 soro

57 547 112 600 per
130 544 225 600 opera
244 529 309 595 illa,
334 547 373 584 ue
392 531 517 598 cogitata
535 531 629 586 serrael
657 529 713 586 fule
726 531 916 601 justificante.
955 531 1032 588 Cum
1056 548 1127 601 ergo

56 618 227 688 error,iste
245 635 308 674 non
332 619 362 672 in
385 635 416 672 re
434 619 608 688 temporali,
637 621 687 691 qui
707 621 893 676 matrimonia
911 621 1038 689 legitima
1057 621 1130 676 alio.

56 709 108 779 qui
124 709 256 774 dirimit,
274 708 326 762 sed
344 709 536 764 intolerabilis
554 710 592 762 sit
609 710 638 764 in
656 705 783 766 salutem
799 711 912 764 animae
929 725 1071 782 peccans,
1088 711 1129 764 la..

19 833 28 849 ,
55 799 141 852 ciens
161 815 219 870 pro
238 799 385 870 impietate
403 799 548 854 adversus
566 799 720 869 pietatem:
737 801 859 856 omuino
878 799 1024 856 tollendus
1041 810 1095 858 est.

122 891 166 942 At
194 890 350 960 quomodo
380 889 515 956 tolletur,
544 889 599 944 nisi
622 900 671 946 aut
696 891 842 961 ejusmodi
868 891 1052 946 rescindatur
1079 901 1131 947 aot

57 980 183 1035 omnino
208 980 245 1034 de
267 998 349 1036 novo
368 992 530 1046 voveatur,
558 980 697 1045 hocerat,
719 982 823 1051 spiritu
840 981 983 1037 libertatis
1000 979 1056 1036 sub
1075 1000 1129 1040 vo.

58 1085 123 1128 turn
141 1081 235 1127 catur.
271 1071 351 1145 Quid
377 1073 456 1126 enim
481 1073 505 1124 si
530 1073 637 1144 impius
660 1071 840 1138 manasses,
868 1075 949 1128 vclut
973 1072 1128 1128 Abraham
1174 1053 1179 1066 ¹

57 1162 243 1228 imitaturas,
273 1162 357 1231 cujus
381 1161 543 1216 libertatem
571 1159 760 1228 aon-habet,
786 1174 894 1218 voveat
922 1163 1013 1218 lilium
1038 1180 1127 1221 suurn

57 1253 216 1320 immplarc
233 1251 304 1306 Deo
323 1267 376 1320 per
393 1250 505 1304 idolum
516 1251 657 1317 Moloch,
674 1267 736 1305 non
753 1259 887 1320 voturus,
904 1253 928 1306 si
946 1253 1022 1308 sciat
1038 1253 1126 1326 impio

60 1354 88 1396 et
104 1341 249 1419 sacrilege
267 1357 301 1396 se
318 1341 423 1408 agere?
1065 1395 1070 1400 ,

127 1431 171 1486 lta
195 1447 267 1486 sane
285 1428 433 1500 ejusruodi
451 1417 595 1486 voventes
613 1448 675 1486 nou
692 1431 764 1502 Deo
782 1431 874 1500 vivo,
900 1433 952 1486 seri
970 1433 1127 1488 mendacio

61 1535 89 1578 et
111 1509 193 1577 idolo
218 1523 321 1576 cordis
344 1523 390 1576 stri
416 1533 545 1590 vovent,
575 1533 605 1576 ut
629 1525 820 1592 asperrimam
844 1524 930 1578 ctiam
957 1537 1127 1596 mercantur

60 1615 282 1685 correptionem
300 1612 340 1666 ob
357 1612 528 1682 hujusmodi
547 1625 634 1667 vota:
652 1623 765 1668 tantum
782 1615 882 1682 abest,
907 1627 941 1669 ut
959 1615 1129 1684 obligentur

61 1707 94 1758 ad
107 1705 298 1760 servandum.
334 1705 421 1757 Certe
439 1704 464 1758 si
483 1705 510 1758 id
525 1704 702 1771 scivissem,
719 1706 790 1758 (lum
803 1721 956 1768 voveram,
974 1723 1125 1778 nunquam

60 1796 235 1860 vovissem,
252 1809 419 1864 quanquam
438 1793 565 1848 incertus
579 1793 652 1856 sim,
671 1809 731 1864 quo
749 1796 847 1848 animo
864 1798 1016 1852 voverim:
1036 1799 1126 1868 magia
1169 1825 1176 1830 ·

62 1887 101 1939 iai
119 1897 241 1956 raptus,
258 1893 347 1955 quum
365 1895 489 1949 tractus,
509 1879 596 1936 Deus
614 1885 650 1936 ita
663 1885 771 1938 voluit:
797 1885 897 1952 timec,
915 1886 998 1956 quod
1017 1869 1125 1958 etipse

63 1977 151 2046 impie
170 1973 357 2044 sasacrilege
375 1974 522 2028 voverim.

132 2069 179 2121 Sic
194 2066 342 2131 arbitror,
360 2065 421 2120 rion
439 2064 531 2118 modo
549 2063 660 2118 nostrie
680 2062 789 2120 Galatis
812 2065 1054 2134 consulendum,
1073 2067 1127 2124 sed

67 2169 96 2212 et
112 2156 371 2228 praecipiendum,
399 2163 431 2208 ut
448 2163 585 2224 votasua
603 2169 670 2206 cum
689 2151 792 2206 lulucia
809 2156 1004 2222 conculcent,
1029 2167 1058 2210 ct
1076 2157 1127 2220 de.
1290 2174 1300 2204 ι

65 2247 141 2301 leant
156 2263 247 2316 super
264 2244 411 2315 impietate
436 2251 464 2297 et
482 2241 656 2312 sacrilegae,
679 2241 751 2320 nibil
769 2243 893 2309 morati,
918 2244 1030 2300 etiamsi
1053 2246 1127 2304 iate.
1239 2233 1241 2238 ¹

65 2339 118 2390 rim
136 2338 173 2390 ad
191 2335 312 2390 ordines
323 2335 417 2404 (qraos
427 2331 550 2392 vocant)
568 2347 669 2385 sacros
688 2331 810 2386 illarvati
826 2341 855 2386 et
866 2333 991 2394 intercuti
1003 2335 1127 2394 fuerint:

65 2441 93 2481 et
108 2427 242 2482 maxime
266 2441 320 2478 eos
335 2421 412 2478 haec
426 2422 567 2487 libertas,
591 2421 652 2474 imo
669 2405 831 2475 necessitas
851 2421 959 2491 habet,
988 2425 1038 2496 qui
1056 2427 1127 2482 ado.
1151 2461 1153 2468 ,

63 2519 211 2573 lescentes
235 2527 286 2570 aut
302 2516 386 2586 pueri
410 2523 567 2568 voverunt.
602 2511 682 2566 Nam
705 2511 737 2564 bi
763 2529 907 2582 prorsus,
934 2532 1032 2586 neque
1057 2499 1150 2588 quid*
1327 2513 1338 2542 ⁸

65 2610 133 2664 fides
159 2609 197 2664 sit
227 2617 276 2660 aut
299 2606 372 2670 lex,
401 2591 532 2676 unquam
557 2601 741 2656 didicerunt:
768 2603 847 2656 sicut
873 2606 993 2658 stultum
1020 2606 1127 2676 vulgus

65 2704 177 2768 avium,
194 2699 225 2754 in
246 2695 372 2768 laqueos
390 2694 529 2750 incidtmt.
567 2693 669 2765 Quare
694 2691 837 2748 liberandi
855 2705 885 2748 et
901 2695 1153 2778 arguendiaunt*

64 2789 231 2846 temeritatis
250 2798 280 2842 et
296 2785 443 2840 stultitiae.
1015 2833 1018 2840 .
1080 2796 1083 2804 '

127 2883 230 2938 Porro
249 2878 303 2934 alia
320 2877 400 2932 nulla
417 2873 517 2945 regula
540 2873 589 2926 hic
608 2873 668 2928 dari
686 2881 802 2943 potest,
830 2892 888 2945 qua
904 2877 1052 2946 sciamus,
1077 2878 1129 2952 qui

65 2972 124 3028 hoc
150 2971 249 3025 animo
276 2967 419 3035 sacrilego
445 2964 577 3030 voverit,
605 2963 659 3016 scd
684 2977 789 3018 eorum
815 2966 1012 3022 conscientiae
1040 2957 1128 3032 ralia.
1212 3005 1217 3012 -

67 3061 215 3133 quendum
233 3067 296 3114 ests
325 3055 400 3110 sicut
425 3064 455 3108 et
472 3053 500 3108 iu
519 3050 600 3106 omni
617 3051 674 3105 alio
692 3068 782 3120 opere
799 3051 881 3108 bono
900 3054 959 3108 ficri
978 3070 1127 3127 oporteat.

68 3155 141 3226 Quis
165 3152 244 3206 enim
270 3159 387 3220 praeter
409 3145 544 3216 spiritum
570 3141 718 3210 hominis,
747 3143 797 3214 qui
815 3155 861 3198 est
879 3144 1010 3216 inipso,
1036 3165 1127 3216 nossa

66 3245 175 3315 possit,
191 3257 253 3314 quo
271 3240 370 3294 animo
388 3245 480 3290 vovet
497 3245 545 3288 aut
562 3233 628 3288 facit
644 3248 719 3304 opus
732 3231 845 3288 bonum
854 3275 864 3302 ,
882 3253 949 3290 cum
963 3254 1040 3308 opus
1054 3239 1127 3307 legis

69 3345 118 3388 aut
132 3333 259 3388 servitus
277 3328 338 3384 voti
357 3342 419 3381 non
437 3341 476 3378 ex
495 3325 559 3395 ipso
576 3339 684 3394 opere,
710 3325 763 3378 std
789 3339 828 3378 ex
846 3325 949 3379 affectu
966 3329 1064 3383 cordis
1077 3331 1127 3400 ju.

70 3427 179 3480 dicetur
195 3421 272 3494 apud
290 3436 375 3485 curn,
400 3416 450 3488 qui
468 3415 587 3486 spiritus
606 3414 766 3484 ponderat:
792 3426 821 3468 et
837 3416 872 3470 ita
891 3417 978 3476 nobis
990 3420 1126 3489 judicata.

71 3515 139 3570 darm
154 3513 284 3567 mandat.

135 3603 260 3659 Memini
277 3615 353 3669 ego,
371 3613 439 3652 cum
458 3595 627 3658 vovissem,
651 3591 817 3660 indignante
835 3591 1029 3660 vehementer
1045 3609 1125 3670 patra

72 3696 163 3750 carnis
185 3708 285 3755 meac,
312 3689 348 3742 ab
367 3691 433 3760 ipso
451 3683 595 3738 audivisse
609 3683 672 3752 jum
690 3693 812 3751 pacato:
839 3683 950 3739 utinam
968 3703 1028 3742 non
1047 3696 1126 3748 estet

75 3787 187 3839 Satanae
212 3780 411 3854 praestigium.
458 3775 549 3848 Quod
574 3772 700 3836 verbum
728 3771 770 3824 sic
794 3771 852 3840 egit
877 3775 989 3832 radices
1019 3780 1045 3834 in
1072 3795 1127 3836 cor

75 3891 191 3942 meum,
207 3887 238 3928 ut
254 3871 326 3926 nihii
343 3884 384 3922 ex
401 3883 453 3920 ore
471 3865 533 3933 ejus
551 3878 681 3939 uuqtmm
699 3853 859 3930 auellerim,
890 3867 969 3936 quod
993 3871 1125 3935 tenacius

74 3953 263 4022 serviverim:
278 3953 281 3960 '
299 3959 414 4014 videtur
440 3955 523 4010 milri⁴
543 3969 595 4024 prr
626 3966 660 4004 us
689 3949 752 4018 ejus
765 3949 871 4026 'Deus
891 3953 970 4010 velut
990 3973 1010 4030 ,p
1029 3959 1125 4033 ‚louge
