2672 4554
149 230 281 360 ni
341 291 347 298 ·
408 351 413 356 ,
485 227 524 282 “’
655 226 858 344 nnn·

282 423 440 490 *caeterum
459 415 574 508 quando
591 442 623 490 tu
642 443 746 490 noster
769 439 798 488 et
822 433 956 490 omnium
972 438 1138 505 sequester
1160 441 1195 486 es
1212 428 1271 484 iun

217 522 388 596 Principem
406 535 440 594 et,
452 541 524 600 nos,
542 534 626 594 roget
641 524 731 579 Prior
748 534 872 593 noster,
888 532 921 578 ut
937 524 1015 596 apud
1031 521 1216 592 Principem
1230 520 1277 572 inc

217 625 318 688 potres
343 615 509 692 mandatum
533 624 636 669 contra
661 613 853 670 redituarium
874 625 1014 669 nostrum
1030 609 1272 681 christophoros

218 719 239 780 ιιι
251 690 388 759 Βιεὲεειι
407 703 435 756 in
453 703 652 773 Mutterwitz,
678 699 728 774 qui
741 702 804 772 jam
822 715 930 758 annum
949 711 1048 756 totum
1065 702 1172 754 ferme
1191 699 1278 752 differt

220 809 346 872 censum
361 798 395 856 9⁰
411 793 590 848 florenorum
612 793 752 867 pendere.
787 791 924 848 Obtinuit
947 809 1020 848 saue
1042 807 1059 844 a
1085 789 1188 856 nubis
1210 789 1275 842 varie

154 893 158 914 ⁴
218 891 375 962 momente
388 881 555 950 dilationis,
571 887 694 954 propter
707 884 820 953 nuptias
834 899 921 950 suns,
939 891 969 936 et
985 881 1084 940 nostri
1097 882 1188 934 forte
1204 879 1276 932 offici

220 974 343 1040 fuisset,
370 973 396 1030 ei
414 957 526 1044 prodigi
541 989 618 1042 'esse
636 973 799 1040 vellemus,
825 954 977 1028 remittere
997 978 1118 1026 totum:
1149 968 1207 1024 sed
1220 967 1276 1040 quir

214 1076 264 1116 res
281 1071 400 1116 nostrae
412 1061 476 1140 jorn
494 1065 521 1116 in
538 1054 600 1136 hoc
613 1070 691 1116 statu
708 1066 871 1127 non'sunt,
888 1052 966 1116 illius
980 1057 1121 1134 periculo
1137 1057 1279 1110 differrem

215 1137 265 1206 tin
281 1161 330 1228 aut
347 1152 376 1230 in
388 1152 538 1206 cumulum
552 1161 727 1220 augerentur
738 1166 859 1206 census.
891 1149 1011 1206 Deinde
1025 1149 1115 1220 quod
1131 1163 1190 1202 nos
1202 1157 1277 1215 inger

214 1240 346 1296 Blankns
364 1241 393 1296 in
410 1242 524 1298 minore
537 1236 649 1298 choro.
683 1241 812 1296 Proinde
825 1256 895 1297 cum
908 1239 1028 1294 tandem
1038 1247 1108 1292 tote
1121 1235 1273 1291 subeuntia

215 1330 254 1385 sit
275 1329 310 1383 ad
328 1317 499 1402 Principem
516 1346 693 1400 reversura,
721 1345 790 1386 eum
809 1345 865 1398 ego
882 1329 967 1384 solus
984 1327 1085 1382 ferme
1105 1327 1172 1382 sim
1189 1325 1275 1380 dome.

216 1419 309 1474 stione
325 1411 420 1474 nostri
435 1419 627 1488 monasterii,
655 1427 738 1472 curet
751 1417 824 1484 ¹hoc
839 1418 931 1472 breve
949 1417 1028 1470 vitae
1047 1431 1144 1470 meae
1170 1427 1276 1486 tempos

214 1506 266 1562 h'ic
284 1507 423 1564 censibus
440 1509 560 1587 nostris¹
577 1526 612 1562 sc
630 1508 804 1580 propediem
821 1507 882 1561 suis
899 1522 947 1560 me
973 1505 1021 1559 eii.
1059 1507 1131 1559 Aut
1158 1505 1185 1560 si
1202 1521 1274 1574 grrre

218 1608 264 1652 est
271 1621 286 1668 ‚-
307 1599 406 1654 statim
423 1600 458 1654 sd
476 1615 509 1654 se
527 1599 659 1670 recipiat.
694 1598 782 1656 Certe
802 1614 869 1652 aere
886 1597 980 1652 niieno
999 1593 1145 1652 vivimus
1160 1595 1274 1667 jamdiu

211 1676 258 1742 'ob
282 1688 429 1743 deiectum
454 1703 606 1744 censuum.
642 1687 735 1758 Spero
758 1697 856 1742 tamen
881 1703 942 1742 non
966 1685 1017 1740 diu
1034 1701 1091 1740 me
1113 1685 1272 1752 victurum,

219 1776 340 1832 Christo
359 1778 489 1852 propitio
508 1787 536 1832 et
554 1779 627 1836 irato
646 1778 779 1851 principe
798 1777 906 1831 mundi.

236 1865 255 1878 η
286 1883 379 1940 Paulo
405 1885 609 1945 inclementius
635 1894 666 1939 ιιι
686 1883 796 1941 donam
817 1881 1030 1956 Praepositum
1053 1893 1185 1938 tractus.
1212 1879 1273 1938 Tibi

219 1974 306 2029 facile
325 1957 371 2030 est
388 1974 542 2030 hominem
560 1975 668 2046 alioqui
680 1975 825 2032 molestiis
838 1991 897 2030 non
917 1974 983 2029 unis
995 1987 1060 2028 tum
1081 1975 1273 2028 uxoriaenn

220 2063 373 2119 iantiiiaris'
390 2065 431 2118 rei
442 2065 534 2120 'vaide
555 2065 633 2120 bene
651 2065 837 2120 humiliatum
855 2065 989 2134 fatigare,
1014 2079 1089 2118 cum
1107 2073 1142 2119 tn
1168 2063 1276 2120 interim

221 2153 304 2208 dives
323 2166 351 2208 et
366 2155 428 2210 sine
446 2171 542 2210 uxore
560 2155 635 2210 liber
650 2155 726 2212 belle
739 2155 854 2212 otiosus
866 2155 906 2210 tui
921 2165 1033 2210 tomum
1046 2167 1161 2210 euram
1172 2155 1275 2210 hebens

221 2243 274 2298 sis.
309 2243 399 2312 Noli,
420 2251 554 2315 ¹quaeso,
578 2246 691 2300 bonum
714 2245 813 2300 virum
835 2245 936 2299 ndditis
954 2243 1114 2300 doloribus
1142 2243 1276 2318 affligere,

220 2348 280 2388 nec
298 2333 404 2388 credes
417 2334 571 2404 omnibus,
589 2335 639 2408 qni
658 2352 727 2388 eum
741 2335 792 2390 tibi
806 2335 951 2389 deserunt.
984 2331 1068 2390 Mihi
1082 2346 1172 2392 certe
1189 2335 1277 2390 edun

223 2413 275 2477 vir'
286 2422 359 2486 eiius
377 2441 438 2479 non
450 2423 582 2490 videtur,
600 2441 690 2495 quam
702 2413 848 2480 hactenus
861 2425 962 2494 visus,
980 2424 1042 2480 imo
1053 2427 1182 2496 major,
1199 2441 1278 2498 qum

223 2511 369 2568 hactenus
388 2511 450 2568 init.
483 2511 560 2568 Esto
577 2513 606 2567 T
608 2514 744 2583 orgensis
761 2514 877 2584 bonus,
904 2514 958 2570 sed
975 2523 1075 2570 tamen
1100 2516 1232 2586 impius,
1254 2525 1278 2568 et

180 2599 184 2608 ’
222 2599 397 2672 Principem
414 2617 469 2674 pro
486 2601 567 2657 idolo
584 2601 718 2672 hebens,
737 2604 765 2658 id
783 2604 864 2674 quod
882 2621 938 2674 ego
953 2607 1028 2658 scio'.
1061 2604 1107 2660 Et
1120 2606 1279 2677 qurieest,

223 2690 321 2746 Jonas
340 2709 399 2746 uon
417 2693 585 2766 permittere
604 2693 633 2748 in
651 2693 713 2748 suis
732 2693 876 2748 molestiis
898 2693 1052 2748 censuium
1074 2693 1174 2750 istum
1193 2710 1279 2768 gratu

226 2781 289 2848 ito,
314 2779 396 2834 brevi
414 2791 568 2860 ternpore,
593 2783 621 2838 id
639 2783 719 2856 quod
731 2783 802 2840 ¹sine
820 2793 946 2856 peccato
962 2784 1095 2856 permitti
1113 2797 1218 2857 potest
1225 2827 1236 2856 ,
1255 2794 1279 2840 et

230 2878 330 2925 temen
357 2887 482 2939 urgere,
511 2881 544 2927 ut
568 2873 648 2945 impii
674 2873 713 2930 iili
737 2887 806 2930 suas
833 2874 991 2942 sacrilegas
1016 2875 1131 2932 missas
1156 2877 1278 2949 qnotidie

224 2959 339 3029 majore
355 2957 539 3030 blasphemia
557 2962 586 3016 in
603 2961 706 3016 Deum
725 2964 812 3016 etism
824 2964 957 3034 jactent,
981 2965 1094 3018 nedum
1112 2965 1279 3032 celebrent,

226 3058 276 3104 aut
293 3049 399 3104 saitem
426 3050 481 3106 iilis
497 3068 558 3113 non
576 3052 651 3106 resis
698 3059 733 3108 e?
757 3053 856 3106 Tuam
880 3053 1058 3124 nequitatem
1075 3051 1132 3109 hie
1150 3057 1278 3128 requiro.

226 3143 276 3196 An
293 3155 353 3194 non
372 3149 402 3194 et
417 3156 474 3195 vos
490 3139 628 3196 homines
646 3063 717 3196 ciffis
731 3142 776 3198 sic
794 3141 970 3211 sentiendo,
988 3143 1049 3200 imo
1068 3159 1107 3198 nn
1124 3163 1191 3202 non
1201 3147 1278 3218 perti

227 3230 310 3300 cipes
330 3229 396 3286 sitis
413 3231 546 3292 omnium
563 3217 764 3302 impietatum,
782 3233 889 3304 quibus
906 3243 939 3288 ut
961 3247 1184 3304 perseverent,
1200 3255 1279 3292 eausa

87 3383 96 3402 ι
191 3317 205 3336 “
226 3319 332 3375 efficax
349 3313 443 3377 estis}
460 3319 576 3377 Parcite
595 3338 686 3390 ergo,
704 3323 781 3377 sicut
797 3323 885 3378 vobis
903 3324 986 3395 parci
1003 3323 1117 3394 vultis,
1142 3337 1177 3382 et
1194 3327 1279 3386 dimit,

224 3409 297 3474 tite,
313 3417 345 3464 nt
361 3409 447 3464 vobis
466 3409 663 3479 dimittentur,
681 3409 768 3490 sinito¹
783 3412 855 3466 elios
871 3411 1030 3467 nobiscum
1047 3429 1159 3484 ogere,
1178 3417 1278 3488 qnibm

226 3500 297 3572 qnid
322 3499 591 3572 responderemus,
615 3509 696 3556 certe
720 3500 843 3571 copiose
865 3501 1085 3572 inveniremus,
1115 3507 1204 3577 qnod
1227 3525 1278 3560 noe

226 3589 267 3646 sit
283 3578 380 3645 tritum
396 3589 539 3644 adversus
551 3589 611 3646 Dei
629 3590 753 3648 verbnm
771 3599 800 3643 et
812 3589 952 3662 Spiritum
965 3592 1056 3664 ioqui.
1089 3593 1171 3649 Vale
1188 3605 1219 3652 et
1235 3611 1278 3652 ora

225 3693 284 3750 pro
301 3695 361 3736 me.
394 3677 455 3735 Die
473 3675 774 3748 Galti,MDxx111.

916 3776 1071 3837 Martinus
1086 3779 1253 3838 uomens.
