2736 4564
1004 2 1009 30 l
1091 19 1111 60 e

546 301 638 367 1521.
807 379 811 388 ,
1080 297 1121 368 st
1174 397 1176 400 Ι

120 456 202 516 Esto
219 467 362 534 peccator
387 469 421 516 et·
431 475 522 532 penca
540 461 672 526 tordter,
694 457 746 517 aed
770 459 873 516 lortitn
896 457 953 516 fide
979 469 1011 514 et
1027 459 1122 528 gaude

53 553 83 608 in
101 550 249 620 Christo,
274 551 326 624 qui
348 553 447 608 victor
463 562 509 608 eet
526 550 659 622 peccati,
675 551 782 608 mortis
800 561 829 606 at
844 552 965 608 muudi:
993 567 1122 622 peccan.

53 642 128 698 dum
149 651 217 710 est,
243 659 333 714 quam
355 623 465 700 dinsic
481 657 597 700 sumus.
630 641 698 698 Vita
724 641 801 698 haec
825 659 887 698 non
909 653 955 696 est
976 640 1121 698 habitatio

46 715 201 807 justitiae,
220 734 275 790 aed
291 745 522 806 exspectamus,
539 733 577 789 ait
585 732 714 800 Petrus,
730 732 835 788 coelos
850 747 948 788 novos
965 743 997 788 et
1013 745 1122 788 terram

52 839 187 893 novam,
203 825 235 880 in
252 823 360 896 quibua
373 824 484 894 justitia
500 823 622 880 habitat.
641 881 644 888 ,

121 913 251 981 Sufficit,
279 915 361 986 quod
384 914 558 985 agnovimus
584 910 767 985 per-dilutae
791 911 901 986 gloriae
918 915 979 970 Dei
995 909 1122 986 agnum,

53 1006 106 1078 quai
122 1005 200 1082 tollit
216 1015 372 1076 peecatum
389 1005 508 1064 mundis
533 1005 648 1060 abhoc
672 1023 734 1062 non
750 1005 857 1064 avellet
872 1021 929 1062 noa
947 1015 1121 1076 peccatum,

55 1096 172 1164 etiamsi
183 1095 290 1154 millies
303 1135 313 1163 ‚
328 1095 433 1152 millies
449 1111 512 1152 uno
529 1096 575 1152 die
591 1093 773 1152 fornicemur
789 1105 837 1152 aut
848 1097 1027 1154 occidamus.
1060 1097 1122 1152 Pu.
1187 1113 1195 1126 ·

53 1195 124 1253 aaa,
145 1195 210 1242 tam
234 1199 360 1258 paruum
384 1201 452 1242 ease
475 1185 606 1256 pretium
631 1195 662 1242 et
679 1185 894 1242 redemtionem
916 1187 1122 1260 propeccatis

53 1277 171 1334 nostrie
186 1279 294 1332 iactam
310 1275 340 1332 iu
357 1284 439 1334 cneo
457 1293 491 1330 ao
508 1276 554 1332 tali
573 1275 669 1346 agno?

124 1365 188 1422 Ora
218 1365 350 1422 fortiter:
380 1381 412 1420 es
441 1354 527 1422 enim¹
546 1365 726 1422 fortissimus
751 1373 922 1450 peccator„
947 1364 1008 1423 Die
1034 1363 1121 1424 Petri

53 1457 219 1530 Apostoli,
235 1471 313 1514 anno
331 1453 489 1514 Mnxxt.

88 1787 428 1864 cluanntuaut.
779 1781 1139 1860 No..cecxxx111.‘,

410 1941 459 2014 tin
481 1943 771 2025 miredalin.

112 2098 671 2155 a.enaunaumeu1nnneaunnu
684 2101 799 2154 cuturn
816 2101 863 2150 ru
879 2100 952 2154 num
970 2081 1120 2154 aalma
1147 2115 1154 2123 ·
1192 2093 1210 2114 ⁴

60 2173 158 2302 aaz&¹⁸
170 2175 209 2302 see
227 2173 256 2226 tlt
268 2173 322 2226 aad
341 2173 402 2225 altit
415 2175 454 2222 tu
467 2175 603 2230 meinana»
624 2173 667 2230 tui
681 2176 716 2224 tte
729 2173 912 2230 atatnnaetititt
925 2173 1060 2230 tutacula
1070 2175 1120 2229 tul·

57 2257 85 2300 tt
180 2259 245 2302 tam

192 2476 423 2533 mansitaret
436 2479 454 2526 1.
466 2481 513 2530 su.
537 2469 800 2536 acutissumis
814 2477 982 2535 nunna

58 2614 214 2716 Salutem.
248 2661 321 2731 Legi
345 2661 499 2722 Caristadii
522 2665 616 2720 nostri
644 2665 719 2721 duos
735 2661 948 2737 quaterniones
972 2661 1030 2719 laec
1046 2659 1124 2718 hora

59 2749 164 2806 allatos
192 2751 230 2805 de
255 2751 400 2808 caelibatu
412 2749 460 2818 *):
488 2761 518 2809 et
543 2771 713 2827 quanquam
738 2755 850 2810 nollem
867 2755 969 2810 locum
986 2752 1067 2808 illum
1086 2752 1122 2806 de
1214 2788 1216 2797 ι

58 2841 175 2894 semine
199 2839 331 2895 Moloch
356 2841 508 2896 immolato
535 2844 569 2896 ad
588 2843 766 2916 profluvium
791 2843 870 2899 istud
887 2849 1006 2900 naturae
1024 2843 1125 2898 detor.

57 2939 122 2986 tum
151 2929 306 2996 (ridebunt
328 2932 408 2986 enim
433 2931 592 2988 adversarii
613 2942 757 2990 torinnam
783 2933 845 3003 ejus
863 2933 942 2998 loci,
968 2943 1040 2996 cnm¹
1055 2931 1124 2985 luce

58 3020 167 3076 clarius
184 3019 239 3087 sit,
255 3019 293 3074 de
310 3020 374 3076 filiis
392 3031 421 3076 et
438 3020 551 3078 filiabus
567 3022 648 3077 idolo
666 3037 721 3094 per
734 3021 831 3091 ignem
842 3021 999 3078 lustrandis
1013 3021 1124 3078 dictum

58 3114 141 3174 ease)
160 3121 260 3166 tamen
277 3121 418 3168 'conatum
437 3123 467 3168 et
483 3113 661 3182 diligentiam
678 3111 874 3168 vehementer
889 3092 995 3184 probo.
1124 3171 1125 3174 ,

124 3199 219 3256 Simul
237 3210 267 3258 et
283 3200 353 3256 illud
370 3219 419 3257 me
437 3201 644 3270 melenchen,
672 3203 752 3276 quod
771 3203 856 3258 locus
873 3203 908 3257 ad
925 3199 1125 3258 Timotheum

59 3289 222 3346 obscurior
238 3299 300 3357 est,
327 3299 360 3345 ut
377 3292 509 3346 videatur
523 3309 584 3348 uon
602 3301 661 3348 tam
680 3293 716 3348 dc
735 3291 897 3360 caelibatu,
922 3289 1065 3364 quamde
1083 3288 1126 3344 vi.

60 3381 124 3437 duis
136 3381 294 3438 Ecclesiae
312 3385 504 3455 eleemosyna
522 3383 633 3439 alendis
649 3383 836 3456 praecipere,
852 3399 891 3438 ne
905 3391 1065 3452 gravetur,
1082 3379 1126 3433 ln.

62 3473 138 3542 quit,
158 3469 313 3528 Ecclesia:
332 3485 362 3527 et
377 3473 434 3529 has
451 3489 522 3529 sane
540 3483 628 3545 turpe
646 3475 683 3530 sit
699 3473 813 3529 nubere
830 3482 935 3544 postea
958 3469 1052 3536 velle,
1075 3467 1126 3523 ubi
1191 3506 1197 3530 t

62 3561 91 3616 in
107 3559 264 3616 Ecclesiae
280 3561 356 3634 stipe
373 3564 566 3635 lascivierint:
585 3579 625 3618 ex
643 3579 703 3636 quo
721 3581 783 3618 non
800 3561 872 3616 velit
888 3559 1009 3627 confici,
1033 3570 1066 3615 ut
1077 3560 1127 3632 ju.

62 3651 161 3705 niores
178 3667 195 3704 a
212 3649 363 3706 caelibatu
381 3651 512 3722 ejecerit.
545 3653 597 3708 De
623 3648 721 3708 viduis
738 3653 817 3706 enim
834 3650 907 3706 solie
925 3650 1074 3722 loquitur,
1097 3657 1129 3704 et
1163 3675 1167 3688 =

64 3739 116 3795 has
134 3758 151 3796 a
169 3741 246 3813 atip'e
263 3739 417 3814 Ecclesiae
436 3734 548 3816 rejicit,
566 3744 591 3800 si
611 3743 668 3800 sint
680 3744 816 3816 juniores
834 3752 864 3798 et
879 3740 1018 3798 lascivae.

108 3931 133 3984 ¹)
146 3927 185 3974 De
191 3925 337 4052 naemu,
352 3925 500 3976 monachata
519 3929 546 3976 et
558 3925 679 3980 uiduitate
698 3925 760 3976 liter
774 3927 831 3978 1521.
856 3927 940 3984 iittsls
958 3927 980 3976 i.
992 3926 1049 3983 iaia.
1061 3918 1135 3978 &titi
1219 3899 1221 3906 Ι

67 4013 96 4050 en
108 4003 190 4058 eada
