2736 4564
526 267 617 364 aiat.
772 332 775 344 ·
988 385 991 391 Δ
1072 297 1111 362 ⁵1

49 452 210 509 sauciatur.
240 451 311 510 Hoc
327 454 445 525 scribo,
461 471 523 512 nan
540 467 574 512 ut
590 445 793 528 compatiaris,
811 457 912 512 sedut
928 455 1112 526 congratule.
1137 425 1144 434 ’

51 547 108 610 ris,
132 561 240 613 orans,
266 555 297 600 ut
314 547 418 617 spiritu
434 547 671 626 lervereldignus
690 547 766 604 liam.
800 547 937 619 Tempus
961 557 1008 602 est
1031 547 1110 601 enim

49 636 196 690 adversus
215 637 348 691 Satanam
366 637 470 692 orandi
493 639 617 693 summis
636 637 763 695 viribus:
788 637 861 692 adeo
883 637 1044 709 praesumit
1067 639 1112 692 fu.
1206 697 1210 704 ,

47 735 165 780 uestem
183 727 331 798 quandam
348 727 575 801 tragoediamin
593 727 802 797 Germaniam,
828 739 859 783 et
883 744 938 798 ego
956 739 1111 800 metuens,

46 832 84 870 ne
104 816 261 872 Dominae
278 817 305 870 ei
322 819 480 892 permittat.

113 924 227 979 Adhuc
243 941 313 982 sum
329 935 458 981 stertens
477 933 507 980 et
532 926 645 982 otiosus
671 925 707 1006 ad
732 911 877 1000 orandum
903 935 933 982 et
956 945 1112 999 opponen.

48 1013 136 1083 dum,
161 1025 194 1069 ut
215 1015 289 1070 mihi
314 1015 507 1072 vehementer
523 1017 693 1090 displiceam
711 1029 739 1072 et
756 1029 912 1074 onerosus*
923 998 994 1074 sim:
1018 1018 1110 1090 sorte,

50 1106 131 1175 quod
149 1105 236 1160 solus
252 1106 326 1171 sim,
344 1115 374 1159 et
390 1121 445 1160 vos
464 1121 510 1160 me
528 1123 589 1161 non
607 1109 723 1178 juvetis.
758 1107 909 1175 Oramus,
934 1124 1064 1178 quaeso,
1082 1113 1112 1162 et
1160 1143 1166 1154 x

47 1196 223 1264 vigilemus,
248 1213 287 1250 ne
315 1197 345 1250 in
370 1197 563 1252 tentationem
588 1198 741 1254 intremus.
776 1197 860 1253 Nihil
888 1195 966 1253 aliud
993 1197 1110 1266 habeo,

49 1287 133 1358 quod
149 1303 231 1342 nunc
248 1266 387 1342 sciibam.
421 1287 484 1343 Vos
502 1289 600 1343 omnia
619 1291 752 1344 omniurn
769 1287 875 1344 nostis.

116 1391 244 1448 Gaudeo
270 1391 518 1463 Wittembergam
545 1409 702 1462 crescere,
728 1393 790 1450 hoc
815 1393 946 1449 maxime
975 1395 1112 1461 nomine,

49 1484 131 1554 quod
148 1500 199 1537 me
217 1481 339 1538 absente
357 1483 483 1552 crescit,
507 1495 540 1540 ut
557 1485 653 1540 videat
671 1485 777 1558 impius
796 1488 962 1542 attremat.
991 1495 1020 1538 et
1038 1485 1114 1540 desi.

50 1574 169 1627 derium
191 1575 255 1642 ejus
282 1583 414 1643 pereat.=
430 1567 569 1629 Christus
593 1575 739 1644 perficiat,
765 1574 845 1648 quod
869 1573 987 1645 incepit.
1021 1573 1113 1628 Valde

50 1661 177 1731 vellem,
204 1674 237 1717 ut
253 1661 410 1732 Philippus
429 1677 457 1717 et
474 1664 564 1734 vulgo
582 1651 811 1733 concionaretur
828 1663 933 1719 alieubi
956 1663 985 1720 in
1004 1664 1114 1736 oppido

51 1753 157 1808 diebus
182 1755 263 1808 lestis
288 1765 356 1824 post
376 1755 531 1824 prandium
549 1755 616 1808 loco
634 1755 889 1824 compotationurn
906 1765 937 1808 et
953 1753 1112 1822 ludorum,

50 1857 81 1898 ut
100 1845 184 1900 lieret
200 1845 388 1899 cousuetudo
406 1845 548 1900 libertatis
565 1843 798 1900 introducendae
816 1855 844 1899 et
861 1845 891 1898 in
914 1844 1030 1917 priscae
1052 1843 1113 1899 Ec.

51 1936 160 1989 clesiae
178 1935 283 1988 faciem
301 1943 331 1987 et
347 1949 464 1988 morem
482 1933 691 1988 restituendam

119 2049 149 2104 Si
174 2049 251 2104 enim
278 2047 376 2102 omnia
401 2045 559 2102 hominum
580 2046 651 2116 jura
675 2046 833 2114 fregimus,
861 2055 890 2100 et
909 2047 982 2116 juga
1007 2063 1115 2102 eorum

55 2139 232 2208 abjecimust
255 2139 326 2210 quid
343 2135 440 2196 adhuc
456 2147 592 2191 moretur
609 2151 682 2202 nos,
700 2135 723 2190 si
740 2140 862 2204 unctus,
881 2151 964 2190 rasus
982 2153 1043 2192 non
1061 2137 1116 2204 sit,

53 2243 82 2284 et
100 2231 233 2293 coniunx
251 2229 309 2284 sit?
343 2227 419 2282 Vere
436 2235 533 2282 tamen
552 2237 581 2281 et
598 2235 643 2280 est
659 2227 816 2296 sacerdos,
843 2237 871 2281 et
895 2227 966 2296 agit·
976 2229 1011 2282 de
1036 2229 1114 2284 tacto

53 2320 260 2387 sacerdotem,
286 2318 342 2372 nisi
364 2333 425 2372 non
449 2325 496 2372 cst
512 2317 676 2372 sacerdotis
694 2313 822 2370 officinm
840 2315 950 2370 docere
969 2316 1112 2371 verbum:

54 2410 160 2482 alioqui
178 2425 235 2462 nec
252 2407 389 2462 Christus
407 2406 545 2461 sacerdos
563 2407 636 2473 erit,
656 2421 736 2460 nuuc
753 2407 781 2458 in
799 2407 973 2478 synagogis,
991 2423 1070 2462 nunc
1082 2407 1114 2464 iu

52 2499 195 2564 navibus,
219 2513 299 2552 nunc
318 2496 346 2550 in
363 2497 475 2563 littore,
499 2511 579 2549 nunc
604 2495 633 2550 in
655 2493 806 2548 montibus
830 2495 959 2549 docens:
986 2495 1113 2568 denique

53 2590 149 2644 omnis
170 2603 299 2662 persona
317 2585 454 2641 omnibus
471 2586 544 2640 locis
563 2593 590 2640 et
607 2581 690 2638 horis
707 2601 784 2639 unus
806 2583 868 2656 ipse
886 2583 950 2640 luit.
1041 2582 1046 2598 ‘

17 2704 21 2718 '
114 2699 193 2760 Crem
210 2721 283 2772 ergo
301 2709 428 2756 vocatus
446 2701 485 2756 sit
501 2715 516 2754 a
533 2685 628 2766 Deo,
641 2710 765 2770 egetque
778 2700 861 2754 verbi
878 2700 1063 2768 ministrum,
1081 2711 1114 2758 ut
1143 2771 1145 2776 ,

52 2811 138 2852 nemo
161 2786 267 2870 'potest
288 2794 413 2862 negaret
436 2790 524 2862 quid,
549 2791 574 2845 si
599 2791 615 2841 ι’
637 2789 767 2860 tyrannis
792 2789 856 2858 istis
874 2789 1034 2862 Episcopis
1052 2811 1114 2848 non

52 2887 273 2952 Ecclesiarum,
291 2883 344 2939 sed
361 2896 508 2954 equorum
526 2891 554 2934 et
572 2889 818 2951 purpuratorum,
844 2892 967 2936 vocatus
985 2899 1046 2938 non
1065 2885 1113 2940 sit.

53 2978 104 3030 Sed
122 2976 193 3032 novi
211 2974 343 3030 hominis
359 2987 498 3036 sensum,
515 2985 576 3024 non
593 2968 761 3040 acquiescet
773 2970 1013 3040 persuasionibus
1025 2973 1112 3028 naris.

53 3065 210 3122 vocandus
236 3079 307 3135 ergo
334 3065 364 3118 el
381 3061 533 3131 urgendus
561 3068 607 3114 est
631 3058 787 3114 Ecclesiae
808 3059 896 3114 totius
918 3062 1057 3116 mandato
1082 3073 1113 3118 et

54 3157 189 3229 impulsu.
223 3154 334 3226 Neque
352 3152 475 3208 enimsi
492 3151 553 3222 ipsa
570 3150 702 3219 postulet
720 3158 749 3202 et
766 3149 881 3218 exigat,
899 3163 1006 3220 negare
1023 3151 1112 3208 debet

55 3259 98 3302 aut
113 3254 225 3319 potest.

114 3351 143 3408 si
160 3369 217 3424 ego
235 3364 376 3422 praesens
395 3363 513 3415 essem,
531 3343 653 3400 omnino
672 3341 748 3414 apud
766 3353 902 3400 senatum
919 3354 949 3400 et
964 3343 1110 3421 populana

57 3459 187 3512 agerem,
211 3453 245 3495 ut
264 3457 332 3494 eum
351 3447 504 3508 rogarent,
528 3451 588 3505 quo
605 3431 740 3503 privatim
760 3433 801 3508 eis
824 3432 936 3502 legeret
953 3433 1110 3490 vernacula

56 3531 262 3602 Evangelium,
284 3530 362 3586 sicut
384 3526 482 3596 coepit
505 3524 534 3578 in
560 3522 679 3586 Latina,
701 3531 732 3577 ut
756 3523 799 3576 sic
822 3521 959 3590 paarlatim
978 3521 1060 3579 lieret
1078 3537 1110 3580 et

56 3621 226 3678 vernaculus
243 3609 422 3690 episcopus,
444 3613 596 3684 quomodo
613 3611 704 3665 factus
724 3620 769 3663 est
786 3608 922 3666 Latinus:
947 3621 978 3666 et
1000 3621 1029 3666 te
1047 3615 1108 3668 vel.

59 3713 113 3766 lena
129 3713 157 3767 iu
172 3709 235 3767 hoc
254 3707 373 3774 conari,
399 3715 432 3760 ut
450 3704 539 3759 lieret.
576 3701 655 3756 Nam
674 3701 783 3772 populo
802 3714 877 3769 opus
896 3709 939 3753 est
957 3715 1024 3770 prae
1043 3721 1109 3758 om.

60 3804 140 3858 nibus
155 3802 248 3858 verbo
267 3800 345 3856 Dei:
363 3797 522 3870 quodcum
536 3792 563 3846 in
581 3791 629 3846 illo
643 3791 772 3844 abundet
785 3793 1006 3860 praecaeteris,
1024 3795 1108 3849 vides

60 3896 156 3964 etiam,
180 3891 361 3948 conscientia
383 3897 524 3958 urgente,
550 3893 580 3937 et
603 3883 674 3938 Deo
700 3879 852 3949 exigente,
877 3873 933 3937 nos
955 3881 1105 3966 deliitorer

60 3999 123 4040 esse
131 4025 142 4054 ,
155 3994 188 4040 ut
204 3997 275 4042 eum
291 3992 454 4044 vocemus,
471 3985 499 4031 et
517 3970 641 4036 verbum
658 3972 758 4054 fructu
773 3985 828 4028 tuo
846 3989 905 4028 non
922 3959 1083 4032 freudet'ur.
