2706 4548
245 247 346 352 oso
499 313 502 320 ·
650 291 809 358 usas.
909 259 913 268 ’

242 445 327 516 plane
354 447 484 502 omnium
507 438 635 520 magistri
658 447 807 516 sibi.visi,
832 447 883 519 qui
899 445 1013 502 Mosen
1039 455 1071 502 et
1097 454 1285 500 totumretut

138 540 143 559 ’
239 534 465 596 ἷΕειιιιιιιιιιιιιιι
487 537 663 594 vilissimum
682 538 809 606 babeat,
826 538 908 594 velut
928 536 1091 606 Evangelio
1109 535 1289 600 concaua

244 641 372 695 quorum
382 641 471 681 seusu
488 638 603 697 oportet
613 627 807 683 christianum
819 626 972 682 homiaem
987 626 1096 680 abesse
1113 625 1287 694 longissime.

94 697 96 706 ¹
181 771 183 778 ,
242 715 362 768 (lectum
386 726 431 770 est
452 717 544 785 ιιιίιιι,
570 729 604 773 ut
624 718 871 790 quemadmodum
888 716 990 770 mundi
1006 715 1161 786 sapientes
1177 715 1287 782 diuma,

242 803 408 860 Homerum
427 822 494 862 esse
510 819 624 878 patrem
640 809 773 862 omnium
787 816 958 880 poetarum,
979 807 1113 872 fontem,
1134 805 1194 860 imo
1209 821 1287 859 occa.

201 953 207 962 ,
241 911 313 964 uum
332 897 435 950 omnis·
443 897 614 953 eruditionis
633 909 663 953 et
677 897 835 970 sapientiae
854 911 884 952 et
899 899 1107 968 eloquentiae,
1127 895 1174 951 sic
1191 907 1287 950 noster

240 984 352 1042 Moses
380 987 448 1042 lons
469 997 500 1041 et
522 995 604 1058 paler
626 997 673 1042 est
698 988 829 1042 omnium
853 987 1070 1058 prophetarum
1095 996 1128 1040 et
1150 985 1286 1040 librorum

241 1073 411 1144 sacrorum,
429 1077 457 1130 id
471 1087 518 1133 est
529 1077 688 1148 sapientiae
708 1089 737 1132 et
745 1078 928 1150 eloquentiae
937 1077 1090 1142 coelestis.
1128 1075 1204 1130 Cum
1216 1091 1284 1130 vero

241 1163 302 1220 ltoc
321 1167 440 1220 saeculo
458 1167 555 1226 omisis
570 1167 708 1238 incipiant
726 1167 856 1235 restitui,
882 1167 965 1239 quasi
980 1167 1044 1220 dies
1071 1166 1124 1222 ille
1143 1167 1227 1220 instet
1241 1181 1284 1219 re.

242 1255 401 1312 stitutionis
428 1258 576 1325 omnium,
602 1256 683 1312 venit
710 1257 738 1310 in
758 1267 904 1324 mentem,
935 1267 965 1311 ut
991 1255 1056 1310 boc
1081 1269 1233 1323 teanum,
1259 1255 1283 1310 si

241 1345 319 1399 forte
340 1355 370 1398 ct
390 1343 481 1399 Mose
498 1347 608 1404 restitui
624 1347 734 1418 possit,
756 1357 786 1402 et
799 1346 911 1401 rivulos
927 1346 961 1400 ad
975 1347 1094 1400 fontem
1108 1361 1281 1401 revocarem.

211 1481 214 1498 ,
239 1431 495 1490 Jucuttdissimum
512 1447 557 1490 est
572 1453 658 1506 saue,
684 1445 713 1490 et
731 1447 792 1490 tam
812 1436 1014 1504 intelligentiae
1027 1453 1122 1507 quam
1130 1437 1284 1490 memoriae

235 1525 381 1594 juvandae
407 1525 680 1582 commodissimum
712 1537 742 1582 et
776 1526 981 1595 utilissimum,
1020 1543 1152 1581 cernere
1174 1525 1282 1594 vestigia

179 1671 183 1684 ,
242 1613 455 1685 prophetarum
473 1615 669 1688 posteriorum
688 1617 717 1671 in
736 1617 845 1685 Mose,
872 1629 902 1672 ut
919 1617 1001 1671 illum
1019 1618 1165 1686 legerint,
1183 1616 1280 1670 didice-

200 1719 203 1740 ·
240 1704 317 1772 rint,
337 1705 508 1788 docuerint,
526 1701 667 1761 nocturna
680 1709 823 1762 versarint
832 1723 937 1775 manu,
956 1709 1170 1778 versariutque
1182 1707 1279 1760 durus.

239 1793 290 1852 Ex
307 1795 396 1864 nujus
411 1796 513 1868 copiae
533 1813 627 1851 cornu
649 1813 753 1852 omues
781 1791 900 1852 illorum
918 1814 993 1868 opes
1009 1808 1132 1852 sumtae
1150 1806 1227 1864 suut,
1250 1807 1279 1852 ut

240 1895 270 1938 et
286 1885 340 1956 ipsi
360 1886 395 1940 de
410 1904 450 1942 ‚eo
469 1886 568 1942 dicere
584 1887 716 1958 possint:
743 1887 801 1942 Ex
811 1885 1010 1960 plenitudine
1035 1893 1067 1942 et
1081 1885 1278 1942 'abundantia

238 1973 327 2031 illius
342 1991 449 2060 omnes
463 1993 523 2032 nos
547 1977 739 2049 accepimus,
764 1978 838 2032 sicut
862 1977 989 2049 ipsemet
1011 1979 1080 2032 sore
1098 1977 1238 2050 praeridit
1255 1987 1281 2030 et

238 2065 385 2138 praedixit
407 2068 436 2122 in
461 2068 578 2124 cantico
598 2083 669 2122 suo:
695 2067 883 2122 Concrescut
908 2067 943 2122 in
965 2067 1115 2139 pluviam
1141 2067 1281 2122 doctrina

238 2172 309 2218 mea
318 2196 326 2224 ‚
336 2157 428 2224 fluct
444 2165 481 2210 ut
494 2173 550 2212 ros
563 2157 720 2232 eloquium
735 2174 852 2226 meum,
872 2168 930 2212 etc.

302 2243 381 2300 Dedi
402 2257 500 2300 autem
520 2263 657 2318 operam,
677 2257 710 2302 ut
721 2248 817 2318 primo
833 2247 931 2302 omnia
946 2245 1173 2318 simplicissime
1184 2255 1279 2300 uecta

239 2349 319 2402 rem,
342 2351 400 2389 nec
418 2349 521 2406 passus
536 2351 604 2391 sum
620 2351 668 2390 me
687 2337 748 2407 rapi
769 2337 805 2392 sd
824 2337 961 2408 mysticas
978 2341 1073 2408 (quas
1094 2346 1216 2402 vocant)
1230 2351 1276 2390 ex.

238 2424 421 2498 positiones,
447 2425 472 2478 si
496 2427 613 2497 quando
640 2425 839 2482 occurrebant
854 2426 997 2481 absoniae
1016 2439 1045 2482 et
1063 2429 1169 2482 stultae
1190 2429 1279 2496 leges,

237 2524 272 2569 ut
290 2513 436 2586 aliquibus
452 2515 599 2570 videntur.
633 2513 736 2571 Primo
758 2517 836 2570 enim
851 2515 989 2586 pietatem
1006 2517 1099 2572 docet
1112 2517 1225 2585 Mose,
1242 2533 1283 2572 sa.

238 2605 277 2685 tis
293 2605 409 2676 prolixe
435 2615 465 2660 et
485 2605 608 2676 copiose
629 2604 715 2660 fidem
736 2604 924 2676 praedicans,
952 2605 1099 2676 adjunctis
1127 2606 1284 2678 pulcherri-

234 2695 294 2749 mis
311 2691 505 2763 cieremoniis,
518 2695 635 2766 ,quibua
646 2695 749 2750 rudem
767 2695 909 2768 populum
921 2696 985 2766 capi
1004 2707 1125 2767 oportet
1142 2707 1172 2751 et
1183 2697 1282 2764 teneri,

236 2799 275 2838 ne
292 2783 427 2854 proprias
443 2785 545 2852 litigat,
566 2799 639 2856 quas
657 2784 744 2838 Deus
756 2783 827 2838 odit.
860 2783 977 2840 Deinde
989 2785 1020 2838 iu
1037 2785 1201 2840 ordinanda
1210 2787 1281 2840 cirili

130 2857 133 2864 ¹
222 2873 337 2945 ¹politia
362 2885 392 2928 et
409 2887 508 2928 mutua
532 2873 670 2928 charitate
690 2874 830 2946 servanda
851 2887 1002 2942 versatur,
1029 2875 1170 2944 digerens
1186 2877 1279 2946 dispo.

237 2977 370 3036 uerasque
383 2965 481 3018 omnia
498 2963 609 3035 legibus
622 2961 779 3036 aptissimis
791 2979 820 3020 et
829 2966 1025 3037 aequissimis.
1037 3035 1039 3040 Α
1059 2967 1148 3022 Nihil
1166 2969 1204 3022 ibi
1217 2969 1281 3024 stul.
1347 2963 1348 2966 ’

235 3066 299 3110 tum
325 3067 374 3108 aut
398 3068 522 3123 vanum,
548 3055 600 3110 sed
622 3057 720 3110 omnia
746 3057 909 3112 necessaria
931 3065 960 3110 et
976 3057 1064 3120 ⁴utilia
1095 3071 1181 3116 suut:
1208 3059 1279 3130 quod

236 3145 323 3202 facile
344 3143 499 3214 intelliget,
518 3144 567 3216 qui
581 3145 651 3214 scit,
671 3145 741 3216 quid
756 3147 794 3202 sit
809 3147 1007 3215 magistratum
1024 3163 1131 3216 gerere
1147 3150 1175 3204 in
1190 3150 1278 3218 vulgo,

234 3233 322 3309 paulo
343 3233 479 3289 liberiore
501 3244 529 3288 et
546 3233 620 3306 apud
639 3251 672 3290 se
695 3235 792 3306 ipsum
810 3235 948 3306 sapienti,
977 3239 1063 3309 quale
1078 3227 1282 3294 hoc'tuaaes

234 3341 301 3382 rum
325 3325 397 3393 duit,
420 3324 469 3379 ubi
494 3323 656 3380 necessitas
675 3340 734 3380 non
751 3341 816 3379 raro
842 3325 938 3395 cogit,
963 3328 1028 3382 talia
1055 3339 1085 3384 et
1105 3339 1237 3384 statuere
1257 3339 1283 3382 et

221 3419 332 3484 ,lacere
359 3425 388 3468 et
405 3405 592 3484 pennitteria,
613 3433 687 3485 quae
710 3415 777 3470 ulios
802 3417 910 3486 optima
928 3419 1039 3470 ratione
1062 3419 1235 3474 riderentur
1258 3431 1284 3472 et

234 3501 470 3560 exsibilarentur.
506 3503 536 3558 N
540 3521 574 3557 ec
587 3511 658 3574 pdto
670 3503 723 3560 alia
741 3519 829 3558 causa
843 3505 972 3560 voluisse
989 3507 1092 3562 Deum
1106 3510 1280 3564 ceremoniis

235 3594 302 3648 istis
320 3593 463 3666 populum
479 3593 624 3660 tonuere,
643 3579 730 3665 quam
748 3595 829 3664 quod
847 3595 919 3650 vidit
937 3597 1043 3665 vulgus
1057 3597 1219 3654 homiuum
1230 3601 1282 3656 lu.

233 3681 279 3737 vis
301 3681 358 3737 illis
386 3694 415 3736 et
436 3679 593 3752 speciebus
614 3681 741 3736 maxime
765 3681 836 3736 affici
857 3695 885 3738 et
905 3683 979 3756 capi.
1013 3684 1062 3740 Ne
1090 3705 1165 3758 ergo
1190 3702 1283 3744 essem
1346 3675 1347 3690 ¹

233 3770 335 3826 inanes
356 3773 453 3826 larvae
473 3781 502 3824 et
520 3787 601 3824 mera
622 3771 806 3842 spectacula,
828 3773 933 3842 adjecit
952 3773 1076 3828 verbum
1096 3793 1208 3845 suum,
1228 3791 1284 3834 tao.

235 3875 324 3930 quam
343 3859 457 3931 pondus
482 3871 510 3912 et
530 3859 720 3915 substantiam
746 3859 910 3929 larvarum,
932 3879 992 3932 quo
1011 3864 1106 3920 seriae
1132 3875 1284 3936 etgraves

205 3970 207 3979 ·
237 3949 360 4014 flerent,
379 3959 408 4004 et
425 3949 537 4006 scirent
554 3949 609 4022 ipsi
631 3949 701 4006 Deo
716 3950 849 4021 placere,
870 3966 945 4022 quae
963 3967 1116 4022 gererent:
1132 3973 1173 4016 ue
1190 3958 1216 4014 si
1231 3959 1285 4014 siue
