2662 4564
366 445 436 504 duo
452 443 488 501 iu
505 443 647 502 omino
666 445 807 522 Georqio
824 435 997 520 cpazattno
1014 425 1071 502 erc.
1087 443 1115 512 ¹)
1142 467 1147 474 ·
1259 467 1271 517 .·

219 561 334 672 ,Gratia
350 619 387 681 ,et
410 625 480 684 pax.
514 609 633 680 Miror,
661 609 737 684 quid»
756 609 831 668 velis
857 611 892 666 iis
914 609 1032 678 verbis,
1056 607 1109 664 ubi
1134 607 1231 676 dicis,
1251 608 1273 664 si

141 699 145 704 '
187 717 190 726 ·
216 701 308 758 aelim
331 701 499 770 recordari,
523 685 589 758 esee
613 702 721 774 aliquid
745 703 866 759 nornine
882 701 984 760 Ducis
1006 701 1136 772 Georgii
1160 715 1273 755 mecam

217 799 334 858 eumn,
357 801 476 866 praeter
499 793 579 848 illam
598 793 724 864 primam
742 793 908 866 epistolam.
942 794 1005 848 Aut
1021 803 1056 848 tu
1073 791 1188 864 aliquid
1204 792 1276 845 iuro.

144 895 148 904 '
216 899 284 938 rum
302 882 416 938 divinas
433 891 483 938 aut
501 887 599 952 erras,
617 883 675 938 nisi
692 883 763 938 illud
780 896 869 955 putea
879 923 889 952 ,
907 883 988 955 quod
1007 883 1124 938 Comes
1137 881 1276 938 Athenas

216 979 281 1029 no'n
298 971 425 1044 quidem
448 971 570 1029 nomine
592 972 689 1030 Ducis
708 971 852 1047 Georgii,
877 973 932 1028 sed
955 989 1012 1028 suc
1036 973 1136 1028 solius
1159 969 1277 1030 nemius

180 1089 183 1098 ·
216 1078 339 1118 mecum
355 1062 413 1132 egit
430 1061 459 1116 in
477 1064 581 1118 eadem
599 1077 697 1119 causa.
732 1063 822 1120 Aliud
844 1079 973 1136 prorsus
994 1063 1070 1119 nihil
1093 1079 1197 1136 neque
1217 1063 1278 1118 acio

214 1169 313 1226 aeque
330 1153 461 1209 memini.
497 1154 609 1208 Comes
627 1152 769 1214 Alhertua
786 1153 850 1210 hoo
867 1154 942 1224 egit,
959 1163 992 1208 ut
1003 1153 1032 1210 ei
1048 1169 1109 1226 qua
1128 1153 1280 1226 lieripos.

215 1243 255 1298 eit
272 1244 352 1298 salva
366 1241 522 1314 Evangelii
539 1243 657 1314 gloria,·
675 1253 709 1300 ut
732 1245 847 1316 tyranni
873 1243 1032 1310 amentiam
1055 1243 1165 1300 leniori
1184 1245 1278 1317 aliqua

215 1319 365 1404 responso
389 1333 564 1403 mitigarem.
600 1333 683 1390 Tum
707 1350 763 1404 ego
786 1334 944 1406 respondi,
969 1333 995 1390 si
1015 1331 1100 1390 salva
1125 1331 1167 1390 sit
1192 1335 1280 1406 gloria

216 1421 394 1496 Evangelii,
411 1425 490 1480 velle
502 1442 552 1480 me
569 1441 630 1482 non
648 1426 747 1482 solum
765 1425 821 1494 illi,
841 1425 895 1481 sed
913 1426 995 1480 omni
1012 1425 1096 1482 hosti
1115 1440 1188 1482 esse
1207 1427 1278 1480 dedi.

215 1526 282 1574 tum
302 1529 443 1585 servum,
461 1517 550 1572 'sicut
576 1517 663 1572 decet
681 1517 896 1584 christianum,
921 1507 1124 1590 pensantque,
1149 1527 1186 1573 ut
1205 1515 1278 1572 Daci

217 1607 355 1678 Georgio
373 1609 409 1664 de
427 1625 476 1664 me
493 1607 567 1676 nihil
585 1623 647 1662 non
663 1607 875 1679 polliceretur,
893 1607 919 1664 si
937 1616 1042 1664 cesset
1058 1605 1165 1662 furere
1176 1607 1278 1662 inver-

216 1695 292 1754 bum
307 1697 380 1754 Dei.
413 1697 535 1754 Rursus
553 1697 578 1754 si
599 1709 702 1769 pergat
719 1699 835 1764 furere,
852 1697 926 1754 nihil
944 1698 1044 1754 minus
1058 1713 1108 1752 me
1121 1698 1276 1764 factunm,

141 1811 147 1820 ·
217 1805 308 1862 quam
326 1805 402 1862 quae
420 1788 531 1846 furenti
548 1787 686 1844 miseriae
703 1799 733 1843 et
749 1789 881 1846 caecitati
899 1790 1061 1862 placerent.
1095 1788 1175 1844 Non
1187 1797 1277 1862 putea

145 1865 155 1882 ’
216 1893 283 1936 sem
301 1889 390 1953 caput
406 1879 484 1936 istud
502 1889 562 1936 tam
578 1875 722 1934 stolidum
739 1887 768 1936 et
786 1879 922 1938 insanum
940 1895 1019 1934 esse.
1054 1879 1114 1934 Sed
1131 1879 1277 1934 haecum.

181 2005 184 2012 ι
216 1971 266 2030 nia
288 1971 381 2028 credo
405 1971 583 2042 jamdudum
607 1971 665 2026 tibi·
684 1979 764 2026 nota.
802 1971 865 2026 Aut
889 1971 977 2026 etiam
1004 1969 1076 2026 illud
1100 1971 1276 2042 suspicaris,

217 2064 299 2136 quod
318 2061 475 2136 Episcopo
492 2061 747 2132 Magdeburgcnsi
770 2060 877 2134 scripsi
899 2060 1030 2116 humiles
1053 2071 1084 2116 et
1107 2061 1278 2118 exhortatu

195 2153 277 2210 ·riaa
294 2153 411 2221 literas,
431 2152 482 2225 qui
499 2169 555 2225 per
571 2151 784 2226 Praepositum
799 2151 871 2206 novi
889 2151 1002 2223 Operis
1020 2153 1141 2224 egregie
1161 2169 1276 2228 respon.
1320 2189 1321 2194 κ

132 2299 135 2308 ,
219 2241 270 2299 dit.
305 2243 363 2298 Sed
387 2259 468 2300 nimc
491 2243 601 2299 iterum
624 2251 770 2320 mutatum
794 2241 882 2298 audio
906 2256 961 2316 per
984 2239 1121 2300 libellum
1143 2245 1186 2318 de
1203 2254 1275 2320 pote

218 2343 295 2408 state
313 2333 409 2404 gladii.

284 2423 459 2480 wenceslai
478 2411 575 2480 nostri
597 2420 715 2496 nuptias
732 2423 879 2480 miracula
897 2437 1118 2496 exceperamus
1135 2435 1209 2482 ante
1224 2433 1276 2480 toas

218 2513 331 2590 literas.
366 2513 466 2591 Quam
489 2515 617 2588 pulchre
643 2514 742 2586 prodit
766 2515 930 2585 sacrilegus
952 2515 1001 2570 ille
1024 2515 1210 2587 caelibatus,
1232 2533 1276 2589 per

218 2606 282 2660 vim
304 2614 334 2661 et
357 2611 472 2662 metum
494 2603 642 2672 hactenus
665 2604 823 2661 infeliciter
845 2607 992 2662 exactus?
1027 2603 1162 2662 Gaudeo
1188 2617 1274 2664 tenen

107 2703 110 2710 '
217 2697 290 2752 tanti
307 2693 363 2752 viri
380 2707 493 2752 nomen
509 2695 634 2751 stultum
652 2695 715 2752 fleri
734 2695 764 2750 in
781 2693 993 2752 confusionem
1006 2697 1100 2754 falsae
1113 2697 1202 2752 istius
1215 2713 1276 2752 eon.

219 2785 387 2842 tinentiae:
401 2785 510 2840 Vincet
527 2784 588 2841 hoc
607 2783 780 2840 scandalum
797 2785 892 2856 gloria
907 2783 1073 2856 Evangelii.
1102 2785 1179 2842 Vale
1194 2797 1274 2842 etan

197 2889 276 2950 'pro
293 2891 353 2930 nae.
386 2875 630 2947 Witembergae,
653 2873 836 2932 Mnxxm.

195 2997 198 3004 ν
256 2965 259 2972 “
495 2987 496 2992 ’
910 2963 1250 3029 MardnuaLutnsna

252 3295 279 3361 l.
297 3249 409 3368 Uarii.
924 3299 977 3358 N0.
995 3298 1245 3361 occhxm

372 3479 374 3485 -
442 3417 444 3421 ’
498 3475 520 3510 ·‚
565 3433 903 3514 assentiat-tn..

492 3577 517 3629 e.
531 3569 650 3632 mairiu
663 3577 730 3627 rtntt
741 3575 871 3654 claudent
883 3577 1002 3632 maaca.

256 3765 309 3821 fleu
322 3764 488 3814 Aurllaber
501 3762 531 3813 ll.
545 3766 589 3818 liu
615 3767 676 3824 Gal.
684 3765 747 3878 {2⁶1⁸
761 3765 815 3882 ἒὲι.
830 3777 866 3823 ις
880 3766 899 3816 i.
913 3767 957 3816 ¹6⁶.
982 3725 1084 3822 mate
1094 3767 1139 3822 lte
1152 3763 1242 3818 melfi

270 3997 293 4046 i>
314 3995 375 4048 ssd
387 3993 448 4061 vcod.
460 3995 515 4044 deu.
