2672 4554
459 283 470 294 '
522 297 611 366 tttt.
1030 295 1090 364 tat

37 456 143 526 aione,
165 455 259 528 qualis
283 457 382 520 timue
409 469 507 528 essem
531 460 556 516 si
573 457 691 514 mulieri
710 457 887 514 misceretur
904 449 986 522 (uam
996 466 1090 524 eunt,

39 547 149 616 quibus
165 546 263 602 fluxus
280 548 426 618 ejusmodi
453 561 514 606 tam
530 550 629 604 tenuia
653 559 715 617 est,
741 564 776 604 ac
794 563 886 618 paene
905 549 969 606 sine
980 548 1091 621 ,volup

36 647 114 704 tate,
131 647 163 692 ut
180 649 293 694 tantum
309 638 420 694 humor
430 641 548 712 qnidam
565 619 732 711 superfluus
749 639 955 706 existimetur,
970 638 1016 696 cui
1033 655 1090 694 uec

36 727 165 796 muilier,
180 744 237 784 nee
253 728 311 786 ulla
327 729 373 786 ais
386 727 583 794 medebitur):
601 729 651 783 laic
665 729 689 784 ai
707 729 736 784 in
754 729 816 784 otio
830 729 902 784 vivit
919 745 954 784 ac
972 730 1000 782 in
1012 739 1092 783 catat.

35 817 140 886 ritate,
169 829 283 874 tentare
305 821 433 892 poterit,
464 819 561 892 primo
590 830 622 874 ut
645 800 792 892 corporali
817 817 918 873 labore
943 829 973 872 et
997 819 1091 874 inedia

37 921 181 968 exerceat
197 925 336 976 carnem,
356 920 421 966 trun
438 925 508 982 spes
532 911 587 966 erit
604 909 751 966 tenuatis:
778 909 823 964 ain
841 919 941 964 autem
956 907 1090 964 laborare

35 997 87 1052 vel
105 1003 165 1054 ntin
181 999 260 1068 vult,
289 999 337 1060 vel
354 1017 414 1054 non
430 1009 546 1072 potest,
562 999 699 1054 mandato
716 997 777 1054 Dei
795 997 882 1054 debet
907 997 1022 1055 mulieri
1039 1015 1091 1053 co.

35 1087 152 1160 pulari,
169 1088 275 1161 alioqui
293 1089 416 1146 tentabit
432 1089 536 1152 Ihum
552 1101 581 1144 et
597 1089 727 1144 manebit
743 1089 772 1144 in
789 1097 926 1161 peccato.

105 1210 262 1266 Caeterum
277 1211 359 1284 qnod
377 1212 495 1284 saepius
513 1223 544 1268 tu
556 1227 677 1286 quoque
695 1211 802 1268 acribia
811 1251 821 1280 ,
840 1221 870 1266 et
887 1209 933 1266 alii
949 1207 1024 1266 mibi
1037 1208 1091 1266 ob.

29 1299 161 1374 jiciunt,
191 1315 260 1356 meo
282 1301 408 1362 consilio
431 1311 493 1358 tres
523 1301 591 1358 illos
615 1301 800 1360 novissimos
826 1299 994 1356 canonicos
1022 1312 1098 1356 esec*

35 1389 171 1457 electos,
192 1389 244 1463 qni
269 1399 369 1446 tamen
392 1391 539 1448 contraria
563 1392 753 1463 praedicem,
780 1391 926 1446 contemti
952 1405 1088 1464 semper,
1166 1419 1171 1432 ·

34 1489 73 1535 ut
99 1479 184 1536 nimis
207 1497 342 1537 crassum
359 1482 555 1538 mendacium.
590 1483 647 1536 Sed
674 1499 750 1554 opus
774 1492 820 1538 est
839 1481 957 1537 tandem
981 1497 1090 1554 expur.

34 1583 126 1640 gare,
150 1571 267 1644 quando
284 1572 373 1628 video
391 1573 436 1642 id,
460 1589 509 1627 ane
526 1585 659 1640 tacente,
685 1571 742 1627 late
759 1585 882 1644 serpere
905 1583 934 1628 et
953 1573 1091 1627 autorita-

33 1671 99 1716 tem
116 1661 278 1734 acquirere.
313 1661 396 1720 Nulli
413 1653 552 1722 consului
561 1702 571 1730 ,
588 1671 622 1716 ut
639 1661 780 1732 eligeret,
799 1670 848 1716 aut
865 1660 1021 1732 eligeretur
1036 1679 1091 1718 un.

35 1767 150 1822 quarn,
168 1753 218 1824 qui
235 1747 316 1807 certe
331 1751 431 1806 malim
448 1752 506 1806 bac
523 1751 598 1806 hora
611 1751 714 1824 jacere
732 1751 854 1806 domum
871 1751 949 1806 illam
962 1753 1089 1808 Satanae.

33 1841 96 1896 Sed
119 1841 343 1897 sicresbabet.
376 1841 542 1914 Poatquam
563 1843 715 1911 ignorante
739 1851 772 1910 et¹
792 1839 912 1897 absente
930 1857 978 1896 me
1003 1843 1090 1898 electi
1171 1841 1176 1846 '
1275 1899 1280 1906 ,
1324 1897 1325 1906 ,

34 1941 159 2000 essent,
184 1949 219 1987 ac
235 1947 413 2004 persuasum
429 1931 501 1985 milti
519 1947 642 2004 quoque
660 1941 758 1998 esset,
782 1930 929 2001 Principis
948 1947 1015 1986 esse
1032 1932 1091 1987 ani.

34 2039 139 2092 mum,
159 2033 191 2076 ut
206 2037 348 2078 numerus
365 2023 413 2078 illc
430 2023 542 2094 integer
559 2033 689 2078 nraneret
707 2025 844 2095 salvaque
865 2023 911 2077 illa
929 2021 1092 2081 idolotatria

34 2123 120 2181 tora,
146 2111 361 2169 consuluerunt
386 2129 451 2181 me,
480 2131 517 2170 an
542 2123 693 2188 acceptare
720 2115 862 2170 deberent
889 2113 1091 2172 electionem?

34 2203 96 2259 Hic
112 2217 170 2274 ego
188 2205 232 2258 sic
249 2205 402 2273 consului,
420 2205 658 2276 quandoquidem
677 2205 797 2276 pecunia
814 2203 861 2260 illa
880 2204 1028 2276 perdenda
1046 2215 1092 2260 est

36 2296 68 2349 in
87 2311 167 2366 quos
184 2293 274 2361 alios,
293 2295 342 2365 qui
361 2294 449 2348 buturi
467 2305 585 2360 essent,
610 2294 754 2365 optimum
771 2305 853 2350 esset
868 2295 952 2366 perdi
971 2295 1089 2366 ineos,

34 2385 91 2456 qui
116 2384 193 2455 digni
219 2395 249 2438 et
274 2383 332 2454 apti
355 2391 474 2446 essent,
498 2391 586 2454 atque
611 2382 672 2436 hoc
695 2385 815 2438 nomine
841 2385 1026 2456 acciperent,
1051 2403 1090 2440 ne

33 2477 158 2548 pejores
171 2484 200 2529 et
212 2473 389 2544 indigniores
404 2472 589 2543 acciperent,
606 2472 683 2527 sicin
695 2473 786 2530 modo
798 2490 867 2530 curn
878 2475 1049 2546 praesentiis
1060 2473 1090 2544 ¹)

35 2576 130 2634 agunt
145 2564 280 2620 avaritiae
298 2565 376 2620 servi
394 2563 423 2618 in
440 2563 542 2616 eadem
560 2563 660 2618 domo.

104 2685 235 2741 Miratur
251 2685 342 2744 Prior
356 2695 386 2742 te
402 2685 539 2754 nescire,
558 2701 633 2760 quae
651 2685 689 2741 eit
706 2687 780 2742 ratio
793 2687 884 2742 debiti
900 2687 995 2742 acutri
1013 2689 1090 2762 apud

33 2777 195 2836 Blancutn.
212 2775 257 2846 ⁴⁹)
292 2775 420 2850 Quando
437 2776 583 2832 Blancnm
605 2776 763 2832 [lanistam
786 2787 922 2832 nostrum
946 2778 1088 2850 dicimus,

34 2869 186 2923 minorem
202 2867 285 2922 illurn
295 2867 428 2922 Cborurn
442 2865 646 2934 intelligimus,
667 2865 714 2918 cui
727 2869 884 2936 quotannis
901 2867 1090 2926 nortonam

35 2957 196 3030 pendimus
208 2957 271 3028 jam
287 2955 387 3012 multis
406 2955 507 3010 annis:
524 2955 620 3026 itaque
637 2965 671 3008 tu
682 2953 800 3010 cumbis
812 2956 898 3012 nobie
916 2959 992 3030 apud
1004 2959 1092 3016 Prin.

37 3050 156 3120 cipetra,
181 3056 212 3102 ut
233 3061 249 3100 a
266 3043 485 3116 christophoro
504 3043 635 3114 Bresaen
657 3045 813 3116 pecuniam
833 3041 965 3102 nostram
982 3047 1089 3104 habea.

34 3151 126 3206 mus,
150 3135 259 3208 alioqui
283 3135 410 3192 Blauctts
434 3149 491 3190 nos
513 3134 561 3189 vel
588 3133 660 3188 solis
687 3133 787 3190 ‘uerbis
814 3135 949 3205 exigendi
975 3137 1022 3202 (ut
1045 3147 1092 3200 eat

34 3227 227 3300 importunus
245 3223 386 3292 exactor)
403 3225 530 3280 occidet.
562 3219 681 3278 Deinde
697 3239 713 3277 a
727 3221 896 3298 Quaestore
910 3227 1091 3289 frumentum

35 3317 211 3388 accepimus
223 3317 252 3372 in
264 3317 385 3390 penuria
396 3315 462 3382 ista,
480 3325 508 3368 et
520 3313 567 3366 hic
579 3330 635 3368 nos
648 3315 845 3384 multomagis
857 3325 951 3384 urget.
982 3314 1090 3390 vQuare

35 3407 86 3462 uel
113 3424 167 3477 pro
189 3405 275 3462 nobis
300 3403 413 3470 orabis,
438 3414 471 3456 ut
486 3399 635 3474 Principis
660 3401 834 3474 benignitate
859 3403 946 3458 nobis
963 3403 1090 3460 donatur

33 3497 99 3552 hoc
123 3493 273 3562 debitum,
299 3491 349 3548 vel
370 3501 404 3546 ut
428 3491 490 3546 cito
514 3492 669 3564 pecuniam
696 3507 736 3547 ex
755 3491 888 3548 Bressen
912 3491 1086 3552 habeamus.

34 3586 160 3658 Alioqui
175 3583 247 3640 nibil
265 3583 354 3638 estin
369 3599 459 3662 manu
476 3582 554 3637 unde
570 3581 740 3651 aclaatnua,
761 3593 792 3636 et
808 3584 899 3637 multa
916 3581 968 3639 alia
984 3595 1088 3642 mutuo

37 3735 567 3760 -ιιψ-ιι-ιι-ι-ι--ς

86 3837 111 3884 ·)
126 3831 197 3908 aierit
209 3833 285 3886 ntdts
298 3833 343 3882 tait
355 3833 396 3888 ira
409 3832 490 3884 laud
503 3832 607 3892 inritat
620 3832 693 3880 utet:
707 3833 786 3890 teum
800 3832 895 3885 lenanu
910 3833 933 3880 el
943 3833 1089 3885 retentettie

33 3909 174 3963 munitatae
187 3909 225 3956 iar
237 3911 379 3962 beneuram
392 3909 432 3958 itu
445 3909 487 3955 ben
499 3907 584 3967 berea.
610 3905 668 3962 idol.
685 3905 807 3959 &rnit'dtn
825 3917 857 3953 an
870 3908 905 3956 iit
918 3907 1050 3964 vaanenu
1064 3918 1087 3960 a.

38 3985 72 4030 tl.
87 3983 149 4039 itan
174 3979 218 4030 lic.
232 3979 329 4028 melli
379 3985 419 4034 ⁹⁴)
430 3981 488 4035 itini.
503 3982 548 4032 &-
560 3981 628 4048 ”4⁶-
642 3983 691 4032 oct,
716 3978 763 4026 lto.
776 3977 871 4030 limi.
