2674 4570
485 267 605 353 '1522
1027 279 1088 346 tut
1164 317 1166 324 ν

24 445 143 512 iteum,
169 444 198 500 id
222 445 304 519 quod
326 446 400 504 milti
423 448 452 502 in
481 446 612 506 Fabricio
638 445 668 510 *)
693 443 809 514 egregie
834 441 976 514 displicet.
1019 437 1087 508 Ego

25 535 164 591 volebam
183 537 320 608 impietati
338 537 426 592 linem
446 537 526 604 lieri,
550 545 580 600 et
596 537 697 592 rhetor
714 535 760 590 ille
778 533 835 603 agit
852 549 970 588 oausam
988 531 1090 601 impie.

24 627 110 694 tatis,
137 628 207 682 dum
225 628 410 699 Episcopum
436 630 525 684 docet
542 627 706 700 personalia
728 635 849 697 peccata
875 622 1029 687 confiteri,
1055 637 1090 676 ro

24 718 68 770 sic
92 717 227 774 Lutltero
252 719 345 774 eredit
360 719 436 774 belle
461 719 645 790 impositum.
678 713 871 787 Temperabo
889 712 1025 778 etmihi,
1050 727 1095 774 ne·

24 807 180 862 hominem
194 809 300 882 primis
317 809 409 864 literis
427 825 483 865 suo
507 809 613 863 merito
635 817 774 864 tractem:
799 804 954 862 ostendam
971 813 1089 870 autem,

26 909 58 950 ut
74 899 149 952 sciat
166 899 298 969 spiritum
315 915 383 955 esse
401 899 429 954 in
446 898 568 956 nuribus
590 899 731 956 hominis.

93 987 188 1043 Venio
212 991 249 1044 ad
270 989 452 1069 prophetas,
475 1006 510 1046 ae
527 989 656 1060 primum
678 1005 739 1044 non
764 987 862 1060 probo
878 995 959 1042 turin
984 985 1091 1042 timidi.
1154 974 1157 985 ’

3 1087 135 1146 tatem,
161 1095 231 1134 cunr
254 1091 283 1133 et
299 1081 406 1149 majori
428 1091 488 1134 tam
512 1080 632 1150 spiritu,
660 1095 750 1150 quam
773 1078 935 1136 eruditione
958 1075 1090 1148 polleas,

26 1185 115 1238 qnam
142 1185 225 1242 ego.
246 1172 299 1227 Ae.
307 1169 455 1242 primum,
482 1175 551 1224 enin
577 1170 780 1226 testimoninm
806 1168 980 1238 perhibeant
997 1165 1034 1219 de
1056 1181 1089 1220 se

24 1260 116 1328 ipsis,
136 1277 198 1316 nou
214 1259 313 1314 statim
336 1261 469 1316 audiendi
487 1271 574 1329 sunt,
600 1261 656 1316 Sed
669 1261 757 1330 juxta
775 1259 932 1314 eonsilium
951 1255 1089 1325 loannis,

28 1349 148 1418 spiritus
175 1349 334 1420 probandi.
374 1349 492 1406 Habetis
526 1351 682 1406 consilium
716 1348 887 1406 Gamalielis
922 1345 1087 1401 differendi:

26 1439 98 1493 nihil
125 1441 205 1496 εηίιτι
223 1440 320 1496 adhuc
338 1436 424 1496 audio
442 1441 478 1494 ab
497 1441 539 1496 eis
567 1441 623 1496 diui
641 1451 669 1495 et
686 1439 763 1509 fieri,
791 1439 874 1510 quod
891 1439 1010 1494 Satanas
1028 1453 1090 1491 non
1127 1439 1133 1452 ‘

29 1541 120 1600 queat
139 1541 287 1600 praestare
304 1513 350 1586 vel
360 1531 513 1586 aemulari.
546 1531 596 1586 Tu
613 1540 710 1589 nutem
723 1546 763 1586 ex
778 1545 843 1584 mea
860 1537 943 1599 parte
960 1527 1020 1582 hoo
1037 1540 1091 1581 ex.

28 1621 150 1690 plores,
176 1637 212 1675 an
237 1622 424 1676 vocationem
450 1637 533 1676 suam
561 1622 677 1693 possint
703 1620 840 1694 probare.
874 1619 985 1692 Neque
1011 1617 1091 1672 enim

28 1709 117 1763 Deus
135 1725 267 1781 unquam
285 1711 411 1782 aliquem
427 1710 524 1778 misit,
549 1711 606 1766 nisi
623 1711 671 1765 vel
688 1727 743 1781 per
763 1709 916 1764 hominem
935 1718 1091 1776 vocatum,

29 1801 76 1854 vel
94 1816 151 1870 per
166 1800 248 1868 sigon
265 1801 466 1867 declaratum,
482 1819 520 1856 ne
533 1802 629 1874 ipsum
647 1802 765 1873 quidem
775 1801 888 1856 Filium.
920 1797 1091 1871 Prophetae

30 1890 101 1942 olim
119 1905 159 1944 ex
177 1889 243 1960 lege
261 1899 291 1946 et
302 1891 405 1970 ordine.
418 1891 582 1962 prophetali
595 1889 818 1962 jushabebant‚
834 1889 910 1944 sicut
926 1903 981 1943 nos
998 1889 1092 1944 modo

28 1995 84 2050 per
100 1978 253 2036 homines.
286 1980 415 2036 Prorsus
425 1982 497 2036 nolo
509 1997 563 2036 eos
573 1981 681 2050 recipi,
699 1983 722 2034 si
741 1980 819 2034 nuda
829 1979 1007 2032 revelatione
1024 1993 1091 2034 sese

31 2081 155 2126 vocatos
167 2071 328 2150 'adserann
346 2087 414 2126 cum
428 2087 484 2124 neo
493 2071 658 2125 Samuelem
671 2070 790 2140 quidem
807 2067 896 2124 vellet
907 2067 988 2139 loqui
1003 2067 1092 2124 Daue

29 2161 85 2214 nisi
105 2173 159 2232 per
174 2161 361 2216 autoritatem
379 2159 533 2216 consciam
550 2160 626 2216 licii.
660 2159 728 2216 llou
744 2161 874 2231 primum
891 2159 928 2214 ad
944 2157 1093 2232 publicam

29 2249 157 2306 docendi
173 2251 355 2306 functionem
375 2249 508 2322 pertinet.
563 2267 571 2282 ⁸

97 2341 169 2396 Jarn
187 2358 260 2396 vero
278 2342 424 2412 privatum
441 2340 574 2412 spiritum
591 2340 733 2412 explores
749 2338 848 2406 etiam,
866 2351 1002 2412 quaerat,
1018 2347 1096 2413 nuni

29 2433 150 2503 experti
176 2432 235 2487 sint
259 2433 424 2502 spirituales
448 2431 509 2486 illas
532 2433 681 2501 angustias
707 2441 737 2485 et
770 2431 932 2490 nativitates
961 2429 1093 2502 divinas,

29 2533 162 2585 mortes,
188 2523 389 2592 inlemosque.
424 2521 608 2598 Siyaudieris
635 2521 759 2588 blanda,
783 2519 955 2592 tranquilla,
985 2520 1094 2576 devota
1190 2541 1193 2548 ·

30 2617 77 2681 (ut
97 2619 223 2681 vopant)
241 2623 269 2666 et
287 2612 421 2680 religiosa
431 2652 445 2690 ,1
457 2611 572 2666 etiamsi
589 2614 618 2666 in
634 2613 755 2666 tertium
772 2611 888 2666 coelurn
907 2623 974 2666 sese
991 2621 1094 2680 raptos

30 2705 149 2769 dicant,
176 2721 237 2758 nou
256 2701 441 2774 approbabis.
476 2701 555 2776 Quia
572 2703 688 2770 signum
706 2702 755 2756 lilii
771 2701 900 2758 hominis
917 2701 1019 2766 deest,
1044 2699 1095 2770 qui
1183 2763 1188 2773 x

31 2809 76 2849 est
94 2792 226 2860 βάσανος,
245 2795 387 2866 probator
398 2793 502 2850 unicus
514 2792 767 2859 Christianorum,
785 2805 813 2848 et
825 2801 924 2847 certus
938 2791 1095 2860 spirituum

33 2887 192 2940 decretor.
226 2885 277 2940 Vis
301 2888 377 2940 scire
400 2883 519 2952 locum,
555 2893 690 2953 tempus,
725 2883 846 2938 modum
872 2882 1096 2954 colloquiorum

32 2976 226 3031 divinorum?
253 2976 332 3030 audi:
360 2953 513 3029 sicutdeo
530 2973 682 3028 contrivit
698 2973 808 3027 omniu
830 2989 905 3028 ossa
931 2989 1021 3040 mea,
1051 2981 1094 3028 et:

31 3069 197 3139 prqjectus
209 3081 281 3120 sum
293 3082 314 3118 a
321 3063 414 3135 socie
427 3065 744 3150 oculorumltuorum
761 3071 804 3118 et:
824 3063 949 3134 repleta
966 3070 1013 3118 est
1024 3079 1097 3117 ma,

33 3158 75 3212 lis
93 3157 207 3212 anima
223 3173 310 3224 meu,
328 3163 357 3210 et
374 3155 441 3210 vita
458 3171 527 3208 mea
545 3153 674 3226 inferno
703 3155 985 3228 appropinquavit.
1021 3153 1095 3212 Nou

35 3250 77 3302 sic
97 3247 226 3318 loquitur
244 3245 390 3317 Majestas
409 3247 453 3312 (ut
471 3243 596 3306 vocant)
613 3244 797 3310 immediate,
823 3255 853 3298 ut
870 3245 964 3300 homo
981 3244 1095 3312 videat,

34 3339 109 3408 imo,
124 3355 191 3392 non
208 3333 323 3404 videbit
338 3353 387 3390 me
403 3334 514 3402 lronro,
536 3341 566 3387 et
582 3333 669 3388 vivet.
703 3333 744 3388 Et
761 3333 876 3388 stellam
895 3347 1013 3404 parvam
1033 3349 1097 3389 ser.

34 3430 133 3484 monis
151 3429 216 3498 eJus
233 3444 294 3481 non
312 3429 368 3482 lert
384 3436 494 3480 nutura.
534 3423 605 3479 ldeo
624 3424 704 3479 enim
722 3441 775 3495 per
791 3423 930 3498 homines
949 3423 1094 3496 loquitur,

35 3521 123 3592 quod
142 3517 348 3589 loquentem
343 3533 439 3588 ipsum
464 3516 539 3569 ferre
556 3531 662 3568 onmes
679 3531 739 3568 non
762 3528 931 3585 possumus.
966 3513 1046 3620 Nam
1064 3527 1094 3570 et
1144 3516 1146 3521 ’

34 3609 180 3679 virginem
192 3607 319 3664 turbavit
331 3606 465 3674 angelus
482 3605 524 3658 sic
542 3615 571 3658 et
581 3601 758 3670 Danielem,
775 3607 820 3658 sic
830 3613 860 3658 et
874 3583 1018 3659 lerernias'
1024 3621 1096 3674 qne.

35 3700 125 3758 titur·
150 3698 345 3770 corripeme
362 3693 550 3762 injudicio,
575 3693 748 3748 elnensis
766 3699 801 3746 tu
817 3691 898 3748 mihi
905 3690 1092 3764 formidini.
1123 3769 1127 3780 1

84 3929 115 4042 ἃ
130 3923 226 4038 eppira
247 3919 426 3976 ottinsund
440 3918 539 3968 ointtiu
553 3927 584 3966 au
598 3919 696 3972 iutueu
714 3917 761 3968 unt>
774 3917 834 3973 ttrti
848 3918 897 3972 iun
910 3919 952 3968 ten
967 3918 1097 3980 urpttseiof

39 3999 66 4042 tu
117 3997 148 4036 tit
