2706 4548
537 319 625 388 152⁵.
984 267 991 284 ’
1051 315 1108 382 ast

63 471 168 528 nerino
186 474 253 530 alias
278 483 439 532 statuerent
464 475 538 549 ipsi,
565 491 646 532 mera
670 473 795 532 ludibrie
821 483 850 532 et
871 459 964 546 augei
988 473 1122 539 tierent„

66 564 170 633 quales
188 563 256 619 'sunt
268 575 385 620 nostrae
398 566 585 620 ceremoniae
605 567 634 620 in
647 581 737 642 regno
751 565 863 636 Papae,
884 565 918 619 ad
940 565 1111 636 exemplum

67 649 275 708 ll'loaaicarum
287 656 488 724 excogitatae,
507 672 663 726 quaecum
677 655 771 712 verbo
785 655 844 710 Dei
856 655 1054 727 praecipiente
1065 669 1112 708 ca.
1194 657 1199 670 “

60 753 164 810 neunt,
192 759 253 814 quo
270 745 364 798 seriae
382 754 529 814 etgraves
547 745 667 813 fierent,
686 743 761 802 nihil
774 745 851 800 aliud
867 745 924 800 nisi
943 745 1112 800 levissimae

63 841 95 886 et
114 819 251 888 ridiculae
270 833 371 888 simiae
385 835 570 890 ,ludaeorum
588 847 665 892 sunt.

127 955 233 1028 Adjeci
262 974 335 1012 vero
359 967 428 1030 post
457 967 486 1012 et
513 957 667 1028 allegorias
685 959 810 1028 breves,
841 959 902 1013 iere
927 974 982 1030 per
999 957 1111 1025 singula

62 1043 178 1117 capita,
204 1063 263 1104 non
286 1047 366 1118 quod
383 1065 561 1120 magnopere
585 1063 635 1103 eas
655 1065 774 1115 curem,
795 1047 847 1104 sed
865 1058 898 1102 ut
909 1045 1112 1119 praevenirent
1181 1091 1183 1098 .

60 1135 248 1206 quorundam
277 1137 374 1210 inepta
392 1137 487 1192 studia
505 1138 533 1192 in
555 1137 701 1208 allegoriis
719 1137 892 1196 tractandis:
922 1137 1113 1208 quemadmo.

61 1225 132 1278 dun
144 1235 174 1280 et
192 1223 220 1280 iu
240 1225 440 1298 llieronymo,
464 1229 611 1297 Origene,
633 1227 754 1299 aliisque
775 1227 900 1281 vetustis
918 1225 1113 1296 scriptoribus

61 1313 197 1368 ridemus
219 1315 309 1370 fuisse
327 1333 429 1387 parum
453 1317 569 1370 felicem
596 1324 624 1368 et
643 1315 799 1370 salutarem
816 1331 931 1370 morem
962 1313 1113 1384 allegorias

62 1403 207 1473 fingendi,
230 1405 300 1460 dum
318 1405 415 1461 omnia
429 1407 468 1460 ad
486 1387 585 1461 mores
605 1416 634 1460 et
655 1422 745 1476 opera
764 1403 903 1474 trahunt,
928 1421 996 1459 cum
1015 1405 1113 1460 omnia

62 1493 164 1564 potius
192 1491 369 1548 adverbum
391 1501 420 1549 et
440 1491 526 1548 iidem
553 1493 694 1548 trahenda
715 1494 783 1549 sint.
800 1497 825 1556 ¹)
859 1493 908 1550 Ne
933 1494 1019 1564 igitur
1043 1495 1113 1548 laisa

64 1581 167 1654 specie
181 1583 350 1637 luderentur
374 1583 403 1637 in
431 1577 578 1653 allegoriis¹
596 1583 743 1650 lectores,
769 1584 1023 1653 operaepretium
1047 1597 1112 1636 esse

61 1671 135 1727 draxi
160 1671 215 1728 illis
236 1685 420 1740 monstrare,
444 1683 477 1727 ut
501 1683 562 1727 tum
586 1684 666 1726 recte
691 1669 843 1742 allegoriae
868 1672 1062 1741 meditentur,
1080 1671 1113 1737 2)

62 1761 88 1818 si
107 1773 249 1836 quantum
266 1761 327 1838 lieri
347 1771 461 1832 potest,
483 1761 592 1834 ubique
608 1763 802 1818 ministerium
819 1761 902 1817 verbi
921 1779 974 1818 seu
992 1779 1118 1818 curatam.

62 1853 218 1923 Evangelii
243 1863 274 1910 et
294 1851 361 1908 lirici
387 1853 416 1907 in
442 1852 497 1908 illis
525 1851 697 1916 invenerint.
730 1851 796 1908 lluo
822 1851 901 1908 enim
931 1865 1000 1908 eunt
1022 1870 1111 1924 quae.

64 1961 186 2016 cunque
207 1941 322 2000 tandem
343 1953 411 1998 sunt
431 1941 537 2013 figurae
563 1953 611 1997 aut
629 1941 857 2012 significationes
878 1943 906 1998 in
931 1944 994 2014 lege
1015 1949 1044 2002 et
1060 1959 1114 2015 po.

3 2029 5 2034 ’
63 2034 139 2108 pulo
161 2031 282 2100 Moai⁸⁸

401 2112 412 2138 Ι

118 2153 281 2211 Dominus
302 2171 392 2234 yero,
418 2155 468 2228 qui
495 2165 634 2226 operatur
660 2156 757 2212 omnia
786 2156 815 2210 in
833 2157 987 2224 omnibus,
1013 2157 1112 2228 quiet

65 2246 95 2302 in
112 2253 142 2300 te
157 2245 255 2316 coepit
271 2244 384 2300 bonum
402 2261 479 2317 opus
494 2261 602 2312 suum,
622 2257 722 2300 servet
737 2255 766 2301 et
783 2258 884 2316 augeat
899 2257 948 2312 te,
964 2257 993 2301 et
1013 2247 1042 2302 in
1056 2246 1113 2302 hac
1191 2291 1193 2294 .

64 2337 125 2392 uita
147 2351 219 2390 vere
240 2349 362 2404 magnus
385 2335 520 2406 pontifex
545 2335 574 2390 in
599 2333 694 2391 verbo
722 2326 787 2391 Dei
807 2335 880 2404 lias,
912 2347 940 2402 et
964 2337 992 2390 in
1017 2339 1113 2392 futura

63 2426 141 2492 vita,
170 2439 239 2478 cum
260 2425 375 2480 venerit
394 2423 539 2496 Princeps
562 2425 610 2480 ille
627 2436 781 2497 pastorum
800 2437 830 2482 et
846 2424 1034 2498 pontificum,
1060 2429 1114 2480 im.

62 2513 298 2569 marcessibilem
309 2531 456 2570 coronam
478 2515 616 2586 accipite,
634 2517 698 2585 oui,
720 2531 849 2587 quaeso,
868 2532 916 2570 me
935 2518 992 2570 tuis
1004 2516 1112 2572 sanctis

64 2604 208 2680 precibus
236 2601 426 2670 commenda,
462 2616 492 2658 et
513 2603 543 2660 in
574 2605 638 2676 ejus
670 2607 759 2676 gratia
785 2605 861 2660 bene
892 2605 973 2675 vale,
1005 2608 1111 2660 Amen.

68 2694 306 2767 ll'itemberpe,
323 2691 488 2749 Mnxxv.
651 2681 656 2688 ¹

625 2762 665 2846 T'.
683 2791 726 2846 D.
748 2791 899 2849 Martinus
917 2792 1077 2848 Lutherus.

96 3125 232 3195 amaa.
603 3147 608 3160 -
842 3107 1078 3186 'mmcxou

116 3261 390 3360 ttn‘ffrtrtrtd
412 3273 641 3354 macritula
666 3273 702 3353 ⁴⁵)
725 3275 873 3357 urrttnrr
894 3276 926 3346 tu
949 3277 1060 3382 latta
1090 3377 1094 3384 Ι

91 3436 167 3490 trans
181 3423 228 3486 u'au
241 3433 504 3488 §montemaltum
517 3433 543 3479 tn
557 3433 594 3480 arr
605 3431 786 3487 uertunttaann
799 3434 837 3482 tri
851 3433 1020 3490 armoritiani
1033 3433 1088 3486 fari·

277 3507 398 3562 antenna,
412 3508 455 3560 aas
465 3509 504 3554 ter
516 3505 584 3558 Μία
597 3506 622 3552 tn
635 3506 899 3560 munerationum.

115 3730 137 3779 t)
157 3725 219 3772 len.
242 3727 259 3781 †
280 3728 305 3771 et
322 3737 381 3772 rere
393 3737 472 3773 meras
485 3723 629 3784 allegorian,
647 3723 674 3774 ld
690 3725 740 3779 est,
760 3723 914 3783 alieniloqnla
927 3725 1035 3774 meditati
1048 3727 1109 3776 amn.

65 3800 172 3858 allen.
191 3799 371 3847 nedttsrentur.

67 3919 294 3938 ”—

122 4002 145 4054 ’)
160 3997 218 4060 dira
230 3997 293 4056 astar
306 4009 329 4052 rr
342 3999 395 4053 aaa
408 4002 516 4056 utrium
530 4001 591 4054 lraat
605 4002 692 4059 inaura
701 3989 748 4062 lata
757 4001 851 4078 matra
860 3999 1021 4057 amalradae
1030 4003 1111 4052 nante.

1227 4103 1235 4132 l
