2676 4574
539 264 630 380 ins.
1054 309 1114 378 na

33 459 181 538 scripta
198 461 228 531 ¹)
247 469 332 522 saort.
367 461 445 542 Quis
463 475 509 523 est
525 481 596 540 ergo
612 468 714 538 furor,
741 483 776 522 aa
793 479 869 540 quae
886 445 957 522 sinit
974 440 1114 522 omnibus

33 555 230 612 Christianis
248 557 450 614 communiter
466 557 564 627 dicta,
589 559 640 614 uni
665 557 806 628 singulari
830 567 929 615 sectae
947 564 1068 628 aptare?
1085 553 1116 630 α>
1184 565 1186 568 ’

35 645 136 718 Quid
155 647 235 724 enim
250 639 337 702 etiam
352 647 458 703 Mon'o
473 648 580 722 aliquis
598 649 635 704 ad
650 635 824 720 universum
835 648 918 702 illum
928 647 1116 717 magnificum
1166 717 1169 734 Ι
1223 647 1226 654 ’

31 736 164 790 librum
182 737 358 807 indagatoris
375 737 499 805 inferet,
525 738 582 794 nisi
599 738 661 794 hoo
679 737 892 817 corollarium?
921 736 1118 810 Quandoqui-

32 825 120 880 dem
138 838 174 882 tu
185 825 397 883 communibus
409 828 570 900 Scriptnris
584 827 762 899 singularem
774 839 855 884 tuam
868 839 982 882 sectam
994 827 1117 892 astruis,

32 915 95 970 liet
123 918 286 988 protecto,
310 927 343 972 ut
368 927 417 973 ant
441 933 546 976 omnes
569 918 728 975 Christiani
746 918 803 973 sint
819 917 1001 987 Minoritae,
1028 916 1117 974 antsi

25 1019 109 1062 non
137 1008 214 1076 sint,
241 1021 302 1065 non
329 1008 387 1064 sint
411 1023 533 1080 quoque
558 1007 735 1077 Christiani,
764 1009 798 1064 ad
825 1024 903 1081 quos
928 1007 1012 1064 solos
1037 1007 1117 1063 dicta

32 1109 136 1166 sunt,
163 1113 241 1170 quae
260 1107 292 1151 tn
307 1109 369 1170 pto
382 1098 535 1154 Minoritis
554 1099 686 1155 adducis.
721 1097 804 1174 Quid
820 1099 871 1154 hio
890 1097 1117 1154 Thesaurivora

32 1189 91 1244 ille
111 1189 225 1242 saciet?
254 1187 365 1243 Nonne
381 1189 406 1243 si
423 1189 578 1244 asloncia
595 1189 719 1260 pudoris
737 1189 850 1262 inipso
868 1190 976 1258 tuerit,
993 1189 1117 1259 pudebit

33 1297 118 1336 sese
144 1295 281 1351 unquam
306 1280 461 1335 mutiviase
487 1295 591 1336 coram
619 1279 808 1347 hominibus,
834 1279 869 1335 ιιι
888 1281 939 1352 qui
966 1291 996 1336 et
1024 1257 1139 1336 sacris‘

34 1369 215 1440 scripturis
237 1379 266 1424 et
283 1369 460 1426 Christianis
477 1366 503 1437 ³)
528 1369 634 1442 impius
661 1379 691 1426 et
713 1367 908 1442 blasphemus
931 1379 1039 1426 tantam
1053 1369 1118 1425 vina
1205 1389 1215 1402 ·

33 1469 70 1515 et
84 1459 360 1532 injuriam'intulit?
377 1451 446 1527 nti)
464 1461 490 1516 si
507 1476 560 1516 sua
578 1461 737 1526 ciatrem,
753 1477 880 1516 necesse
892 1461 1017 1530 sinant
1030 1459 1118 1516 Chri·

33 1554 169 1608 stianos
193 1567 254 1606 non
278 1567 347 1606 ease
365 1551 573 1616 Christianos,
595 1561 645 1606 aut
663 1551 831 1624 Scriptum
849 1566 911 1606 non
928 1567 997 1606 esse
1015 1549 1122 1624 Scrip-

32 1656 142 1700 turas.
177 1641 227 1697 En
239 1641 291 1696 tibi
304 1642 474 1698 mercedem
488 1641 617 1710 erroris,
635 1657 725 1713 quam
738 1642 872 1714 oportuit
883 1643 1022 1714 accipere
1034 1642 1119 1712 illos,

35 1735 96 1809 qni
116 1745 227 1790 contra
244 1733 370 1804 agnitam
387 1733 544 1790 veritatem
562 1741 702 1803 pugnant.

109 1839 166 1896 Ne
185 1849 284 1894 autem
300 1839 406 1910 garriat
424 1839 486 1895 hoc
504 1839 606 1895 solum
623 1855 639 1893 a
654 1855 704 1894 me
723 1837 798 1906 diei,
828 1845 856 1892 et
871 1837 957 1893 nullo
973 1839 1117 1910 exemplo
1186 1817 1189 1822 ¹
1214 1834 1215 1840 '

30 1931 193 2006 probari,
219 1947 389 2004 quanquam
406 1939 510 1986 extent
526 1929 639 1998 libelli,
663 1941 693 1985 et
711 1949 773 1986 non
791 1929 889 2002 possit
904 1931 1114 2001 tergiversari,
1219 1935 1223 1945 '

30 2037 149 2080 tamen
176 2021 226 2077 vel
249 2023 339 2090 illud,
365 2019 448 2094 quod
465 2031 498 2077 to
514 2036 637 2094 quoque
655 2008 885 2094 in‘praefatione
903 2021 981 2078 illins
1000 2019 1114 2092 sentis,
1183 2065 1185 2072 .

28 2108 152 2173 tecum
171 2103 202 2181 ⁵)
220 2113 345 2170 adduco.
379 2111 475 2168 Estne
488 2111 576 2182 igitur
587 2110 666 2167 belle
679 2123 709 2166 et
720 2099 805 2184 plane
819 2111 989 2168 minoritioe
1001 2111 1115 2181 assarta

28 2205 220 2263 monastice
244 2221 297 2276 per
319 2203 389 2258 illud
406 2201 529 2272 Lucae,
556 2218 618 2274 quo
641 2203 793 2258 Dominus
818 2203 944 2258 intrasse
970 2203 1115 2269 scribitur

29 2301 178 2354 domurn
194 2293 335 2351 Marthae
354 2303 383 2349 et
400 2291 539 2349 Mariae?
573 2291 640 2348 Hoc
657 2303 720 2359 est,
737 2303 770 2348 ut
781 2291 963 2365 Schatzgeyr
977 2293 1030 2364 ait,
1047 2309 1114 2349 mo.

27 2388 198 2456 nasteria,
223 2387 252 2441 in
269 2383 378 2458 qussaus
395 2384 475 2454 viget
490 2375 516 2453 4)
533 2383 593 2439 vita
611 2383 705 2438 activa
723 2395 752 2438 et
776 2385 1027 2456 contemplativa?
1053 2397 1112 2440 eto.

28 2481 97 2538 Sed
120 2487 157 2533 nt
174 2469 205 2545 7)
224 2477 295 2532 istas
312 2477 456 2531 ruditates
480 2473 699 2530 monachornm
722 2484 923 2546 praeteream,
951 2491 1026 2547 quas
1049 2477 1114 2531 fere

27 2572 148 2628 nunus
169 2568 303 2638 intelligit
319 2567 445 2634 (demde
463 2565 549 2638 pauci
568 2566 655 2620 etiam
672 2565 748 2619 haec
762 2561 907 2620 vocabula
925 2554 1045 2622 audiunt
1063 2583 1113 2622 ac.
1144 2551 1147 2556 ’

27 2665 122 2719 tivae
139 2671 176 2715 et
195 2657 442 2729 contemplativae
459 2657 537 2712 vitae
544 2697 554 2725 ,
571 2647 597 2720 8)
615 2665 729 2710 tantum
747 2655 849 2724 abest,
867 2665 900 2710 att
916 2655 983 2711 talis
1002 2657 1115 2714 domus

27 2751 198 2828 nlia‘apnd
211 2765 263 2804 eos
275 2749 349 2816 siti:
366 2753 466 2802 nonne
479 2755 596 2801 certum
609 2753 673 2813 est,
688 2743 828 2800 omnibus
843 2744 1020 2800 Christianis
1033 2747 1113 2806 hano
1164 2811 1167 2818 ¹

27 2841 219 2900 doctrinam
237 2847 378 2911 oportere
391 2851 460 2891 esse
473 2849 684 2902 communem,
703 2841 901 2906 quaecunque
913 2837 1031 2892 tandem
1048 2849 1095 2893 est
1101 2855 1126 2906 ,·
1208 2851 1212 2862 ·

28 2947 136 3009 quam
155 2929 310 2986 Dominus
334 2926 439 2982 docuit
461 2925 596 2980 intrando
622 2924 744 2978 domum
766 2923 929 2982 Marthae?
954 2925 1009 2982 nisi
1031 2928 1120 2984 torte

26 3044 102 3083 non
127 3022 170 3079 sit
193 3021 251 3076 iste
275 3019 413 3074 introitus
436 3031 505 3098 pars
522 3013 696 3086 Evangelii,
719 3024 769 3070 ant
787 3013 973 3088 Evangelion
994 3019 1114 3075 nonsit

27 3109 193 3176 omnibns
206 3108 385 3166 Christianis
404 3123 576 3163 commune.
621 3123 624 3130 ·
645 3115 647 3125 ’

35 3233 39 3238 “
108 3219 276 3285 Obsecro,
298 3216 355 3275 iste
373 3215 556 3286 Schatzgeyr
572 3211 749 3270 miserabilis
767 3193 1022 3312 tlanScripturas
1041 3212 1111 3271 alie.

24 3311 81 3390 gat
105 3329 169 3387 pro
188 3309 371 3378 monastice,
397 3306 469 3380 quid
487 3306 563 3362 alind
581 3306 666 3374 facit,
684 3297 712 3374 ⁹)
735 3305 825 3378 quam
843 3306 924 3379 qnod
943 3305 1010 3388 ipso
1028 3305 1110 3364 sacto

25 3407 131 3464 dicit:
152 3397 359 3476 obsecrosw)
377 3399 487 3464 ridete,
504 3397 541 3456 1¹>
559 3394 673 3450 sibilate
683 3437 692 3465 ,
712 3395 847 3451 insultate
865 3391 939 3452 mihi
959 3395 1061 3480 inepto
1079 3407 1113 3454 et

24 3493 183 3561 insulso,
208 3491 258 3565 qui
281 3491 359 3545 diota
383 3487 561 3544 Christianis
586 3486 727 3542 omnibus
754 3487 925 3541 communia
949 3483 987 3541 ad
1008 3499 1112 3546 meum

25 3623 581 3653 ...μμ-Ψ·
956 3655 958 3660 Ι

80 3719 112 3768 ι)
130 3711 192 3758 Vit.
212 3709 368 3768 praescripta.
418 3711 441 3762 2)
458 3707 517 3754 vit.
537 3703 668 3765 applicare.
718 3703 741 3758 3)
762 3703 821 3751 vit.
842 3705 866 3752 tn
879 3715 961 3753 sarrai
975 3705 1111 3766 Scripturas

26 3797 57 3840 et
79 3785 254 3836 Christianos.
303 3786 326 3838 t)
344 3787 371 3830 ut
389 3783 502 3838 frattina
521 3779 616 3826 Auris.
667 3783 689 3834 5)
707 3776 769 3826 vit.
787 3802 813 3814 -
830 3781 894 3838 quoti
913 3814 1002 3828 .....
1021 3785 1108 3830 tecum.

24 3872 51 3922 ω
69 3861 301 3922 noritonam.
339 3857 435 3911 bvii.
450 3855 562 3902 atenim.
599 3859 622 3907 e)
638 3853 697 3900 vit.
712 3854 792 3900 activa
806 3857 832 3900 el
844 3850 1037 3912 contemplativa
1049 3855 1108 3904 rita.

25 3947 52 3991 9)
70 3938 140 3984 Vit.
162 3933 341 3991 obsecrarint
355 3929 419 3978 aliid
433 3927 491 3976 lacit
505 3929 552 3976 iste
565 3928 617 3975 iria.
632 3928 677 3974 nis
680 3961 790 3974 ......
805 3925 946 3976 monastice.
998 3933 1032 3984 tt)
1049 3929 1108 3978 Vit·

25 4018 111 4064 neus.
167 4003 587 4071 tonaritaaatttortstttttata
599 3999 853 4056 criminatione.
889 4039 891 4046 s

37 4105 43 4126 ⁶
127 4089 201 4171 ἰοί.
221 4083 269 4157 ΙΙ.
409 4132 418 4198 '.
884 4087 924 4154 19
