2672 4568
501 112 541 168 '·
603 120 622 205 i

520 253 611 354 1522:
908 271 915 278 '
1031 287 1145 358 tu.

35 449 137 515 neque
151 443 299 514 justitiam
316 425 446 512 curevit,
465 457 533 502 cunt
550 455 647 501 tamen
662 443 734 500 adeo
752 444 788 500 eit
803 461 963 517 praesens,
981 454 1014 501 ut
1027 447 1102 516 jum.

35 552 98 588 non
114 535 211 588 mocio
227 535 389 604 inceperit,
408 535 461 590 sed
480 546 508 590 et
526 536 624 607 ipsum
637 546 724 606 caput
736 535 835 590 mundi
847 536 910 606 jem
924 536 1091 604 judicatum

35 625 84 676 sit.
117 624 215 700 ¹Cujus
239 624 343 693 judicii
370 635 485 679 terrore
512 626 631 696 spiritus
656 625 860 693 manifestato,
888 627 1030 680 mundum
1056 627 1091 682 ad

32 713 156 784 peccati
172 713 372 782 coguitionem
390 726 419 769 et
435 716 567 785 justitiae
591 715 768 770 desiderium
791 715 954 770 accendere
978 717 1090 785 voluit,

30 805 122 873 juxta
141 803 213 858 iliud
229 805 320 859 Rom.
341 805 371 860 1:
389 806 566 864 Revelatur
582 805 636 859 ira
653 787 716 860 Dei
733 805 769 859 de
786 805 869 860 coelo
886 806 920 859 in
938 806 1091 879 Evauqe.

36 891 80 948 lio
90 935 99 962 ,
118 904 178 950 etc.
214 893 296 948 Bene
314 895 378 948 vate
397 905 427 949 et
443 897 535 950 saluta
554 911 658 950 omnes
671 903 802 950 nostros.
835 879 975 950 Eunuchi
987 881 1092 950 verna.

35 985 142 1038 culum
159 994 244 1038 tuum
261 985 410 1040 nonsatis
434 985 524 1052 iacit,
554 985 642 1039 didici
666 985 695 1038 in
712 985 898 1056 Westphalia
922 987 1022 1040 vocari
1047 987 1091 1044 tt'tt

34 1073 119 1132 unni
144 1085 175 1128 et
198 1087 282 1133 ttutn
308 1075 347 1130 sit
372 1085 501 1130 castrare
525 1075 645 1146 proprie
671 1076 822 1132 homines:
847 1077 969 1143 nescio,
996 1093 1032 1130 an
1053 1093 1090 1146 eo

35 1175 168 1220 utemur.
204 1164 399 1221 Gemmarum
421 1166 602 1238 promissum
627 1178 767 1238 expecto.
801 1165 885 1222 Ferie
901 1172 926 1222 5.
948 1179 1018 1238 post
1034 1167 1091 1222 Ju.

37 1255 145 1325 bilate,
164 1272 241 1310 mmo
259 1255 424 1312 nthxlt.

627 1345 715 1402 Tuus
733 1347 880 1404 Martinus
897 1347 1058 1403 Lutherus.

69 1731 109 1789 19.
129 1728 236 1796 uun-
596 1818 599 1828 .
744 1713 748 1719 ’
777 1731 831 1789 ue
849 1723 1056 1788 ccexovur.
1096 1805 1097 1808 q

155 1902 204 1972 itu
226 1905 310 1984 stit.
331 1863 578 1988 pectinant,
602 1907 748 2008 uitiiset
770 1877 801 1974 tu
823 1903 970 1988 gnidus.

84 2077 109 2126 t.
122 2075 190 2126 tetur
212 2075 254 2127 tei
267 2077 316 2124 unt
330 2077 566 2130 aenanenuaeute
579 2085 633 2126 nent
646 2079 722 2130 uetur
736 2078 761 2125 tu
774 2076 876 2134 sutum
890 2079 942 2124 atu
954 2083 1000 2125 ten
1013 2075 1088 2136 &aab

36 2157 108 2196 uene
123 2151 187 2202 stitit
201 2149 352 2202 eniteretur
370 2153 416 2200 unt
430 2153 491 2202 utut
503 2163 533 2199 en
547 2153 588 2199 tut
600 2152 735 2206 §turiurum
747 2151 942 2206 tetrantorum.
1043 2192 1046 2204 Α

490 2299 632 2312 —n

98 2447 101 2450 .
174 2409 226 2463 tien
239 2407 403 2456 Aurtraber
416 2409 445 2454 11.
459 2411 491 2458 ⁶5.
505 2421 526 2456 ι.
552 2410 651 2464 ῶειιίϊὼ
666 2411 705 2462 ten
719 2409 813 2460 weldi
825 2409 889 2456 xxi.
902 2411 949 2462 784.

34 2565 183 2663 Gratiam
203 2619 231 2665 et
248 2625 362 2680 pacem.
398 2602 581 2662 Veneiabilis
596 2607 669 2660 mihi
688 2607 716 2662 in
735 2609 869 2663 Domino
886 2608 1031 2676 Nicetes,
1055 2616 1091 2664 ut

34 2701 142 2771 paucis
169 2699 246 2754 inter
271 2699 485 2770 occupationes
512 2698 618 2752 multas
642 2699 772 2753 scribam
796 2701 831 2752 de
851 2700 904 2754 ista
923 2715 971 2766 re,
999 2715 1088 2770 quatu

33 2792 134 2862 petis,
160 2781 242 2844 nullo
267 2783 358 2844 modo
376 2789 448 2844 mihi
476 2789 647 2844 consultum
664 2790 798 2856 videtur,
823 2799 855 2842 ut
875 2789 1004 2860 Principi
1023 2790 1087 2846 illu.

34 2881 189 2935 strissimo
207 2881 242 2934 de
260 2880 316 2934 hac
335 2897 367 2933 rc
385 2862 543 2932 scrutatur.
579 2879 704 2946 Certus,
728 2879 808 2949 quod
825 2895 885 2932 non
903 2877 1102 2949 acceptabitg,

33 2971 90 3025 sed
108 2987 124 3024 e
142 2987 176 3025 se
194 2972 229 3024 nd
245 2987 301 3025 vos
320 2971 418 3026 denuo
435 2969 630 3041 retorquebit.
666 2968 747 3024 Novi
772 2969 902 3022 hominis
920 2969 1085 3038 ingenium,

34 3063 86 3132 qui
106 3063 186 3116 ferre
204 3071 323 3140 potest,
341 3071 373 3115 ut
391 3061 427 3114 ab
440 3061 503 3116 aliis
517 3060 601 3127 fiant,
620 3075 816 3130 quaecunque
827 3059 916 3126 tium,
935 3061 988 3114 sed
1005 3077 1087 3114 tuan.

34 3153 105 3206 dare
124 3163 173 3206 aut
186 3153 344 3210 consulere
356 3151 439 3206 nolit.
475 3151 517 3204 Ita
529 3149 635 3218 yobiS,
653 3150 680 3203 id
696 3149 758 3217 est;
777 3151 894 3204 Senatui
913 3161 942 3204 et
959 3149 1010 3204 tibi
1031 3150 1088 3203 ista

33 3259 84 3296 res
107 3241 286 3313 perficienda
304 3252 368 3310 est,
392 3253 422 3296 et
439 3242 499 3296 hoc
517 3241 649 3308 Senatui,
673 3257 805 3311 quaeso,
829 3257 899 3294 meo
915 3239 1035 3294 nomine
1054 3249 1084 3294 ct

16 3344 142 3410 ,rogatu
158 3333 347 3403 persuadeas.
381 3332 410 3386 Si
440 3341 537 3386 autem
561 3342 591 3386 et
614 3331 737 3395 Senatus
755 3331 836 3398 nolet
854 3347 922 3395 sese
941 3330 1086 3386 intremit.

33 3435 119 3490 tere,
138 3423 180 3476 tui
200 3423 293 3478 solius
312 3433 414 3478 estex
432 3419 530 3475 officio
548 3431 617 3488 tuo,
647 3433 678 3475 ut
696 3431 905 3476 testamentum
923 3421 970 3473 vel
987 3431 1084 3474 totum
1170 3401 1179 3416 „

33 3515 82 3568 vei
102 3523 246 3586 quantum
263 3523 362 3584 potest
380 3511 441 3566 fieri
451 3552 460 3580 ‚
486 3511 515 3566 in
532 3511 621 3582 hujus
639 3521 842 3584 paupertatem
852 3511 1036 3568 transferes:
1053 3521 1086 3566 ut
1176 3548 1182 3570 ν,

34 3603 116 3657 enim
132 3602 194 3656 hoc
212 3602 303 3656 sacius
322 3612 350 3657 et
367 3602 490 3666 audeas,
510 3601 562 3670 jus
581 3611 609 3654 et
629 3598 816 3654 autoritatem
834 3599 885 3654 tibi
904 3599 1005 3654 tribuit
1023 3589 1090 3654 tum'
1149 3609 1150 3614 ’

33 3692 201 3747 necessitas
219 3703 283 3746 tum
301 3691 439 3746 charitas.
472 3691 581 3764 Neque
609 3693 687 3746 enim
704 3691 867 3745 valuitnec
884 3691 977 3760 valet,
1004 3691 1086 3761 quod

35 3783 83 3835 ilie
102 3797 157 3852 pro
175 3781 323 3852 lapidibus
339 3789 463 3844 testatus
477 3791 539 3850 est,
558 3797 627 3835 cum
640 3795 781 3852 praesens
795 3779 831 3834 sit
850 3771 957 3847 frater,
976 3781 1025 3851 qui
1044 3796 1084 3834 ex

36 3875 91 3926 istu
109 3873 234 3944 pecunia
252 3873 370 3928 alendus
394 3873 441 3928 sit.
474 3871 649 3928 Procedatis
673 3870 761 3954 igitur
783 3888 837 3941 per
853 3871 954 3926 Deum
972 3869 1084 3941 simpli.

39 3964 112 4018 citer
128 3979 162 4018 ac
180 3963 216 4018 dc
233 3963 341 4037 plano,
364 3973 393 4018 et
413 3961 503 4018 nolite
528 3963 733 4038 quaestionem
756 3961 874 4030 facere,
900 3971 948 4018 aut
970 3961 1034 4020 huc
1054 3969 1086 4018 et
