<?xml version="1.0" encoding="UTF-8"?>
<!DOCTYPE html PUBLIC "-//W3C//DTD XHTML 1.0 Transitional//EN"
    "http://www.w3.org/TR/xhtml1/DTD/xhtml1-transitional.dtd">
<html xmlns="http://www.w3.org/1999/xhtml" xml:lang="en" lang="en">
 <head>
  <title>
</title>
<meta http-equiv="Content-Type" content="text/html;charset=utf-8" />
  <meta name='ocr-system' content='tesseract 3.04.00' />
  <meta name='ocr-capabilities' content='ocr_page ocr_carea ocr_par ocr_line ocrx_word'/>
</head>
<body>
  <div class='ocr_page' id='page_1' title='image "./briefesendschre09luthgoog/briefesendschre09luthgoog_0270.png"; bbox 0 0 2676 4574; ppageno 0'>
   <div class='ocr_carea' id='block_1_1' title="bbox 373 245 383 274">
    <p class='ocr_par' dir='ltr' id='par_1_1' title="bbox 373 245 383 274">
     <span class='ocr_line' id='line_1_1' title="bbox 373 245 383 274; baseline 0 0"><span class='ocrx_word' id='word_1_1' title='bbox 373 245 383 274; x_wconf 69' lang='lat' dir='ltr'>l</span> 
     </span>
    </p>
   </div>
   <div class='ocr_carea' id='block_1_2' title="bbox 537 233 1174 378">
    <p class='ocr_par' dir='ltr' id='par_1_2' title="bbox 537 233 1174 378">
     <span class='ocr_line' id='line_1_2' title="bbox 537 233 1174 378; baseline -0.008 -36"><span class='ocrx_word' id='word_1_2' title='bbox 537 276 626 344; x_wconf 78' lang='lat'><strong>1522.</strong></span> <span class='ocrx_word' id='word_1_3' title='bbox 1011 259 1104 378; x_wconf 73' lang='lat' dir='ltr'>&#39;aaa</span> <span class='ocrx_word' id='word_1_4' title='bbox 1169 233 1174 246; x_wconf 74' lang='grc'><strong><em>’</em></strong></span> 
     </span>
    </p>
   </div>
   <div class='ocr_carea' id='block_1_3' title="bbox 35 430 1201 1587">
    <p class='ocr_par' dir='ltr' id='par_1_3' title="bbox 35 430 1201 1587">
     <span class='ocr_line' id='line_1_3' title="bbox 37 430 1104 513; baseline -0.002 -25"><span class='ocrx_word' id='word_1_5' title='bbox 37 433 102 503; x_wconf 74' lang='lat' dir='ltr'>ipsi</span> <span class='ocrx_word' id='word_1_6' title='bbox 133 451 242 490; x_wconf 88' lang='lat' dir='ltr'>coram</span> <span class='ocrx_word' id='word_1_7' title='bbox 266 433 337 490; x_wconf 90' lang='lat' dir='ltr'>Deo</span> <span class='ocrx_word' id='word_1_8' title='bbox 362 435 489 505; x_wconf 74' lang='lat' dir='ltr'>inaiguea</span> <span class='ocrx_word' id='word_1_9' title='bbox 514 444 599 505; x_wconf 85' lang='lat' dir='ltr'>sunt,</span> <span class='ocrx_word' id='word_1_10' title='bbox 628 435 739 492; x_wconf 82' lang='lat' dir='ltr'>alienae</span> <span class='ocrx_word' id='word_1_11' title='bbox 764 433 967 513; x_wconf 69' lang='lat' dir='ltr'>et&#39;innopenti</span> <span class='ocrx_word' id='word_1_12' title='bbox 995 430 1104 489; x_wconf 85' lang='lat' dir='ltr'>nationi</span> 
     </span>
     <span class='ocr_line' id='line_1_4' title="bbox 35 521 1105 599; baseline 0.004 -23"><span class='ocrx_word' id='word_1_13' title='bbox 35 521 229 594; x_wconf 76' lang='lat' dir='ltr'>irnponcre&#39;.¹</span> <span class='ocrx_word' id='word_1_14' title='bbox 558 587 560 594; x_wconf 41' lang='grc'>,</span> <span class='ocrx_word' id='word_1_15' title='bbox 678 578 680 584; x_wconf 89' lang='grc'>,</span> <span class='ocrx_word' id='word_1_16' title='bbox 809 580 813 590; x_wconf 79' lang='grc'><strong><em>,</em></strong></span> <span class='ocrx_word' id='word_1_17' title='bbox 982 595 983 599; x_wconf 9' lang='lat'>¹</span> <span class='ocrx_word' id='word_1_18' title='bbox 1101 535 1105 540; x_wconf 84' lang='grc'><em>“</em></span> 
     </span>
     <span class='ocr_line' id='line_1_5' title="bbox 114 614 1201 688; baseline -0.002 -18"><span class='ocrx_word' id='word_1_19' title='bbox 114 615 195 672; x_wconf 80' lang='lat' dir='ltr'>Nou</span> <span class='ocrx_word' id='word_1_20' title='bbox 211 633 285 686; x_wconf 82' lang='lat' dir='ltr'>orgo</span> <span class='ocrx_word' id='word_1_21' title='bbox 301 617 496 688; x_wconf 85' lang='lat' dir='ltr'>opprobrium</span> <span class='ocrx_word' id='word_1_22' title='bbox 507 617 664 673; x_wconf 84' lang='lat' dir='ltr'>Bolremici</span> <span class='ocrx_word' id='word_1_23' title='bbox 680 616 808 674; x_wconf 85' lang='lat' dir='ltr'>nominis</span> <span class='ocrx_word' id='word_1_24' title='bbox 820 624 934 682; x_wconf 84' lang='lat' dir='ltr'>metuo,</span> <span class='ocrx_word' id='word_1_25' title='bbox 952 631 1027 686; x_wconf 87' lang='lat' dir='ltr'>quae</span> <span class='ocrx_word' id='word_1_26' title='bbox 1040 614 1105 684; x_wconf 75' lang='lat' dir='ltr'>glo.</span> <span class='ocrx_word' id='word_1_27' title='bbox 1199 621 1201 632; x_wconf 91' lang='lat'>&#39;</span> 
     </span>
     <span class='ocr_line' id='line_1_6' title="bbox 37 705 1106 781; baseline -0.002 -23"><span class='ocrx_word' id='word_1_28' title='bbox 37 706 86 758; x_wconf 84' lang='lat' dir='ltr'>ria</span> <span class='ocrx_word' id='word_1_29' title='bbox 107 715 163 762; x_wconf 81' lang='lat' dir='ltr'>est</span> <span class='ocrx_word' id='word_1_30' title='bbox 181 709 389 781; x_wconf 68' lang='lat' dir='ltr'>coruinllac,</span> <span class='ocrx_word' id='word_1_31' title='bbox 407 709 461 764; x_wconf 84' lang='lat' dir='ltr'>sed</span> <span class='ocrx_word' id='word_1_32' title='bbox 477 709 558 778; x_wconf 75' lang='lat' dir='ltr'>qarod</span> <span class='ocrx_word' id='word_1_33' title='bbox 569 709 713 768; x_wconf 76' lang='lat' dir='ltr'>,Christus</span> <span class='ocrx_word' id='word_1_34' title='bbox 731 723 779 762; x_wconf 84' lang='lat' dir='ltr'>nte</span> <span class='ocrx_word' id='word_1_35' title='bbox 795 705 848 770; x_wconf 83' lang='lat' dir='ltr'>bic</span> <span class='ocrx_word' id='word_1_36' title='bbox 865 707 983 776; x_wconf 75' lang='lat' dir='ltr'>posuit,</span> <span class='ocrx_word' id='word_1_37' title='bbox 1001 715 1106 774; x_wconf 66' lang='lat' dir='ltr'>ultor.</span> 
     </span>
     <span class='ocr_line' id='line_1_7' title="bbox 36 797 1106 874; baseline -0.002 -24"><span class='ocrx_word' id='word_1_38' title='bbox 36 811 163 866; x_wconf 80' lang='lat' dir='ltr'>queam</span> <span class='ocrx_word' id='word_1_39' title='bbox 182 798 326 870; x_wconf 77' lang='lat' dir='ltr'>papiniea</span> <span class='ocrx_word' id='word_1_40' title='bbox 343 809 491 866; x_wconf 78' lang='lat' dir='ltr'>monstra,</span> <span class='ocrx_word' id='word_1_41' title='bbox 517 799 587 854; x_wconf 86' lang='lat' dir='ltr'>dum</span> <span class='ocrx_word' id='word_1_42' title='bbox 610 797 683 856; x_wconf 82' lang='lat' dir='ltr'><strong>nihil</strong></span> <span class='ocrx_word' id='word_1_43' title='bbox 700 798 829 854; x_wconf 87' lang='lat' dir='ltr'>invenire</span> <span class='ocrx_word' id='word_1_44' title='bbox 848 797 876 852; x_wconf 91' lang='grc' dir='ltr'>ιιι</span> <span class='ocrx_word' id='word_1_45' title='bbox 893 806 1106 874; x_wconf 27' lang='lat' dir='ltr'>multiuocum,</span> 
     </span>
     <span class='ocr_line' id='line_1_8' title="bbox 38 885 1104 958; baseline 0 -20"><span class='ocrx_word' id='word_1_46' title='bbox 38 887 133 956; x_wconf 85' lang='lat' dir='ltr'>quod</span> <span class='ocrx_word' id='word_1_47' title='bbox 146 887 267 955; x_wconf 75' lang='lat' dir='ltr'>jactare</span> <span class='ocrx_word' id='word_1_48' title='bbox 283 887 439 944; x_wconf 82' lang='lat' dir='ltr'>vellontin</span> <span class='ocrx_word' id='word_1_49' title='bbox 457 904 528 942; x_wconf 80' lang='lat' dir='ltr'>arrae</span> <span class='ocrx_word' id='word_1_50' title='bbox 545 887 724 944; x_wconf 84' lang='lat' dir='ltr'>incredibilis</span> <span class='ocrx_word' id='word_1_51' title='bbox 740 887 863 942; x_wconf 86' lang='lat' dir='ltr'>invidiae</span> <span class='ocrx_word' id='word_1_52' title='bbox 880 885 1104 958; x_wconf 70' lang='lat' dir='ltr'>respiraculum.</span> 
     </span>
     <span class='ocr_line' id='line_1_9' title="bbox 38 975 1107 1050; baseline 0 -22"><span class='ocrx_word' id='word_1_53' title='bbox 38 977 192 1032; x_wconf 69' lang='lat' dir='ltr'>cruciari</span> <span class='ocrx_word' id='word_1_54' title='bbox 208 993 262 1042; x_wconf 83' lang='lat' dir='ltr'>eoa</span> <span class='ocrx_word' id='word_1_55' title='bbox 279 979 343 1034; x_wconf 86' lang='lat' dir='ltr'>vult</span> <span class='ocrx_word' id='word_1_56' title='bbox 357 979 494 1034; x_wconf 67' lang='lat' dir='ltr'>Christian</span> <span class='ocrx_word' id='word_1_57' title='bbox 511 994 562 1032; x_wconf 81' lang='lat' dir='ltr'>aua</span> <span class='ocrx_word' id='word_1_58' title='bbox 580 978 715 1050; x_wconf 74' lang='lat' dir='ltr'>ipsorum</span> <span class='ocrx_word' id='word_1_59' title='bbox 732 978 840 1034; x_wconf 84' lang='lat' dir='ltr'>invidia</span> <span class='ocrx_word' id='word_1_60' title='bbox 856 987 889 1032; x_wconf 89' lang='lat' dir='ltr'>et</span> <span class='ocrx_word' id='word_1_61' title='bbox 897 975 1023 1046; x_wconf 77' lang='lat' dir='ltr'>dirumpi</span> <span class='ocrx_word' id='word_1_62' title='bbox 1037 991 1107 1045; x_wconf 78' lang='lat' dir='ltr'>pro.</span> 
     </span>
     <span class='ocr_line' id='line_1_10' title="bbox 39 1065 1109 1140; baseline -0.001 -21"><span class='ocrx_word' id='word_1_63' title='bbox 39 1068 111 1138; x_wconf 85' lang='lat' dir='ltr'>pria</span> <span class='ocrx_word' id='word_1_64' title='bbox 129 1067 256 1124; x_wconf 78' lang='lat' dir='ltr'>malitia.</span> <span class='ocrx_word' id='word_1_65' title='bbox 288 1067 429 1138; x_wconf 79' lang='lat' dir='ltr'>Expecto</span> <span class='ocrx_word' id='word_1_66' title='bbox 447 1069 535 1138; x_wconf 79' lang='lat' dir='ltr'>igitur</span> <span class='ocrx_word' id='word_1_67' title='bbox 545 1085 600 1124; x_wconf 87' lang='lat' dir='ltr'>eoa</span> <span class='ocrx_word' id='word_1_68' title='bbox 611 1069 661 1122; x_wconf 88' lang='lat' dir='ltr'>hic</span> <span class='ocrx_word' id='word_1_69' title='bbox 673 1079 703 1126; x_wconf 76' lang='lat' dir='ltr'>et</span> <span class='ocrx_word' id='word_1_70' title='bbox 720 1067 886 1140; x_wconf 77' lang='lat' dir='ltr'>expectabo</span> <span class='ocrx_word' id='word_1_71' title='bbox 898 1065 1109 1136; x_wconf 47' lang='lat' dir='ltr'>impotentias&amp;</span> 
     </span>
     <span class='ocr_line' id='line_1_11' title="bbox 39 1153 1168 1228; baseline 0 -18"><span class='ocrx_word' id='word_1_72' title='bbox 39 1173 131 1212; x_wconf 85' lang='lat' dir='ltr'>mam</span> <span class='ocrx_word' id='word_1_73' title='bbox 151 1173 266 1214; x_wconf 75' lang='lat' dir='ltr'>cotum</span> <span class='ocrx_word' id='word_1_74' title='bbox 284 1159 440 1226; x_wconf 78' lang='lat' dir='ltr'>invidiam,¹</span> <span class='ocrx_word' id='word_1_75' title='bbox 464 1159 582 1228; x_wconf 77' lang='lat' dir='ltr'>egregie</span> <span class='ocrx_word' id='word_1_76' title='bbox 605 1158 766 1214; x_wconf 79' lang='lat' dir='ltr'>irritaturus</span> <span class='ocrx_word' id='word_1_77' title='bbox 784 1169 814 1212; x_wconf 81' lang='lat' dir='ltr'>et</span> <span class='ocrx_word' id='word_1_78' title='bbox 836 1167 985 1222; x_wconf 78' lang='lat' dir='ltr'>torturus,</span> <span class='ocrx_word' id='word_1_79' title='bbox 1010 1153 1108 1212; x_wconf 81' lang='lat' dir='ltr'>donec</span> <span class='ocrx_word' id='word_1_80' title='bbox 1165 1193 1168 1202; x_wconf 79' lang='lat'><em>·</em></span> 
     </span>
     <span class='ocr_line' id='line_1_12' title="bbox 39 1245 1106 1316; baseline 0 -16"><span class='ocrx_word' id='word_1_81' title='bbox 39 1249 174 1304; x_wconf 77' lang='lat' dir='ltr'>uixero.</span> <span class='ocrx_word' id='word_1_82' title='bbox 210 1248 239 1302; x_wconf 88' lang='lat' dir='ltr'>Si</span> <span class='ocrx_word' id='word_1_83' title='bbox 257 1257 356 1304; x_wconf 87' lang='lat' dir='ltr'>autem</span> <span class='ocrx_word' id='word_1_84' title='bbox 373 1263 423 1303; x_wconf 82' lang='lat' dir='ltr'>ane</span> <span class='ocrx_word' id='word_1_85' title='bbox 439 1249 619 1316; x_wconf 74' lang='lat' dir='ltr'>ceciderint,</span> <span class='ocrx_word' id='word_1_86' title='bbox 643 1251 737 1304; x_wconf 87' lang='lat' dir='ltr'>multo</span> <span class='ocrx_word' id='word_1_87' title='bbox 761 1249 891 1304; x_wconf 84' lang='lat' dir='ltr'>maxime</span> <span class='ocrx_word' id='word_1_88' title='bbox 909 1245 1106 1302; x_wconf 77' lang='lat' dir='ltr'>cruciaturus.</span> 
     </span>
     <span class='ocr_line' id='line_1_13' title="bbox 40 1335 1108 1410; baseline 0.002 -18"><span class='ocrx_word' id='word_1_89' title='bbox 40 1337 95 1392; x_wconf 87' lang='lat' dir='ltr'>Sic</span> <span class='ocrx_word' id='word_1_90' title='bbox 117 1338 204 1392; x_wconf 87' lang='lat' dir='ltr'>enim</span> <span class='ocrx_word' id='word_1_91' title='bbox 222 1339 307 1394; x_wconf 79' lang='lat' dir='ltr'>datus</span> <span class='ocrx_word' id='word_1_92' title='bbox 325 1353 392 1394; x_wconf 81' lang='lat' dir='ltr'>aum</span> <span class='ocrx_word' id='word_1_93' title='bbox 410 1339 467 1394; x_wconf 84' lang='lat' dir='ltr'>illis</span> <span class='ocrx_word' id='word_1_94' title='bbox 485 1339 515 1394; x_wconf 90' lang='lat' dir='ltr'>in</span> <span class='ocrx_word' id='word_1_95' title='bbox 531 1349 696 1410; x_wconf 86' lang='lat' dir='ltr'>portentum</span> <span class='ocrx_word' id='word_1_96' title='bbox 713 1357 730 1392; x_wconf 87' lang='lat' dir='ltr'>a</span> <span class='ocrx_word' id='word_1_97' title='bbox 743 1338 878 1394; x_wconf 87' lang='lat' dir='ltr'>Domino</span> <span class='ocrx_word' id='word_1_98' title='bbox 891 1353 959 1392; x_wconf 83' lang='lat' dir='ltr'>tneo</span> <span class='ocrx_word' id='word_1_99' title='bbox 972 1335 1108 1402; x_wconf 67' lang='lat' dir='ltr'>christu,</span> 
     </span>
     <span class='ocr_line' id='line_1_14' title="bbox 40 1411 1107 1498; baseline 0 -18"><span class='ocrx_word' id='word_1_100' title='bbox 40 1441 77 1480; x_wconf 87' lang='grc' dir='ltr'>ιιι</span> <span class='ocrx_word' id='word_1_101' title='bbox 98 1427 172 1482; x_wconf 80' lang='lat' dir='ltr'>sive</span> <span class='ocrx_word' id='word_1_102' title='bbox 192 1443 239 1481; x_wconf 89' lang='lat' dir='ltr'>me</span> <span class='ocrx_word' id='word_1_103' title='bbox 257 1427 422 1496; x_wconf 81' lang='lat' dir='ltr'>vivificent,</span> <span class='ocrx_word' id='word_1_104' title='bbox 439 1429 502 1484; x_wconf 77' lang='lat' dir='ltr'>tile</span> <span class='ocrx_word' id='word_1_105' title='bbox 520 1411 674 1498; x_wconf 76' lang='lat' dir='ltr'>occidant,</span> <span class='ocrx_word' id='word_1_106' title='bbox 691 1427 764 1484; x_wconf 89' lang='lat' dir='ltr'>nihil</span> <span class='ocrx_word' id='word_1_107' title='bbox 778 1429 903 1498; x_wconf 82' lang='lat' dir='ltr'>gratiae,</span> <span class='ocrx_word' id='word_1_108' title='bbox 920 1425 993 1485; x_wconf 78' lang='lat' dir='ltr'>nial</span> <span class='ocrx_word' id='word_1_109' title='bbox 1012 1426 1107 1498; x_wconf 84' lang='lat' dir='ltr'>pacis,</span> 
     </span>
     <span class='ocr_line' id='line_1_15' title="bbox 39 1515 1132 1587; baseline -0.002 -15"><span class='ocrx_word' id='word_1_110' title='bbox 39 1517 123 1572; x_wconf 83' lang='grc' dir='ltr'>ιιιιιιι</span> <span class='ocrx_word' id='word_1_111' title='bbox 143 1517 245 1572; x_wconf 87' lang='lat' dir='ltr'>solatii</span> <span class='ocrx_word' id='word_1_112' title='bbox 261 1517 397 1572; x_wconf 78' lang='lat' dir='ltr'>habitura</span> <span class='ocrx_word' id='word_1_113' title='bbox 414 1520 453 1574; x_wconf 88' lang='lat' dir='ltr'>sit</span> <span class='ocrx_word' id='word_1_114' title='bbox 470 1517 579 1576; x_wconf 73' lang='lat' dir='ltr'>luridis</span> <span class='ocrx_word' id='word_1_115' title='bbox 597 1537 701 1574; x_wconf 84' lang='lat' dir='ltr'>eorum</span> <span class='ocrx_word' id='word_1_116' title='bbox 719 1518 914 1582; x_wconf 83' lang='lat' dir='ltr'>conscientia,</span> <span class='ocrx_word' id='word_1_117' title='bbox 940 1529 972 1572; x_wconf 89' lang='lat' dir='ltr'>ut</span> <span class='ocrx_word' id='word_1_118' title='bbox 996 1515 1109 1587; x_wconf 86' lang='lat' dir='ltr'>duplici</span> <span class='ocrx_word' id='word_1_119' title='bbox 1127 1525 1132 1534; x_wconf 88' lang='lat'>&#39;</span> 
     </span>
    </p>
   </div>
   <div class='ocr_carea' id='block_1_4' title="bbox 42 1607 1208 1684">
    <p class='ocr_par' dir='ltr' id='par_1_4' title="bbox 42 1607 1208 1684">
     <span class='ocr_line' id='line_1_16' title="bbox 42 1607 1208 1684; baseline -0.001 -22"><span class='ocrx_word' id='word_1_120' title='bbox 42 1607 238 1664; x_wconf 75' lang='lat' dir='ltr'>contritione</span> <span class='ocrx_word' id='word_1_121' title='bbox 255 1617 458 1676; x_wconf 84' lang='lat' dir='ltr'>conterantur,</span> <span class='ocrx_word' id='word_1_122' title='bbox 485 1617 513 1664; x_wconf 86' lang='lat' dir='ltr'>et</span> <span class='ocrx_word' id='word_1_123' title='bbox 530 1611 694 1680; x_wconf 79' lang='lat' dir='ltr'>praesentia</span> <span class='ocrx_word' id='word_1_124' title='bbox 711 1610 835 1664; x_wconf 86' lang='lat' dir='ltr'>invidiae</span> <span class='ocrx_word' id='word_1_125' title='bbox 852 1625 940 1662; x_wconf 90' lang='lat' dir='ltr'>cruce</span> <span class='ocrx_word' id='word_1_126' title='bbox 959 1615 1109 1662; x_wconf 73' lang='lat' dir='ltr'>aeternam</span> <span class='ocrx_word' id='word_1_127' title='bbox 1203 1673 1208 1684; x_wconf 28' lang='grc' dir='ltr'><strong>θ</strong></span> 
     </span>
    </p>
   </div>
   <div class='ocr_carea' id='block_1_5' title="bbox 40 1697 1143 4022">
    <p class='ocr_par' dir='ltr' id='par_1_5' title="bbox 40 1697 1112 2219">
     <span class='ocr_line' id='line_1_17' title="bbox 40 1697 1110 1768; baseline -0.005 -16"><span class='ocrx_word' id='word_1_128' title='bbox 40 1709 230 1752; x_wconf 85' lang='lat' dir='ltr'>mereantur</span> <span class='ocrx_word' id='word_1_129' title='bbox 246 1697 397 1768; x_wconf 83' lang='lat' dir='ltr'>gehennae</span> <span class='ocrx_word' id='word_1_130' title='bbox 413 1709 568 1753; x_wconf 84' lang='lat' dir='ltr'>torturam.</span> <span class='ocrx_word' id='word_1_131' title='bbox 601 1701 693 1755; x_wconf 82' lang='lat' dir='ltr'>Instat</span> <span class='ocrx_word' id='word_1_132' title='bbox 710 1699 789 1754; x_wconf 84' lang='lat' dir='ltr'>enirn</span> <span class='ocrx_word' id='word_1_133' title='bbox 805 1715 887 1754; x_wconf 84' lang='lat' dir='ltr'>mora</span> <span class='ocrx_word' id='word_1_134' title='bbox 901 1697 1026 1768; x_wconf 86' lang='lat' dir='ltr'>Pupatus</span> <span class='ocrx_word' id='word_1_135' title='bbox 1039 1697 1110 1750; x_wconf 85' lang='lat' dir='ltr'>abo.</span> 
     </span>
     <span class='ocr_line' id='line_1_18' title="bbox 42 1787 1108 1858; baseline -0.003 -14"><span class='ocrx_word' id='word_1_136' title='bbox 42 1790 224 1856; x_wconf 75' lang='lat' dir='ltr'>initiabilis,</span> <span class='ocrx_word' id='word_1_137' title='bbox 249 1799 334 1858; x_wconf 62' lang='lat' dir='ltr'>urget</span> <span class='ocrx_word' id='word_1_138' title='bbox 351 1807 419 1844; x_wconf 87' lang='lat' dir='ltr'>eum</span> <span class='ocrx_word' id='word_1_139' title='bbox 437 1791 624 1846; x_wconf 87' lang='lat' dir='ltr'>ineluctabile</span> <span class='ocrx_word' id='word_1_140' title='bbox 642 1807 730 1846; x_wconf 80' lang='lat' dir='ltr'>suurn</span> <span class='ocrx_word' id='word_1_141' title='bbox 747 1792 853 1858; x_wconf 84' lang='lat' dir='ltr'>latum,</span> <span class='ocrx_word' id='word_1_142' title='bbox 879 1797 925 1856; x_wconf 84' lang='lat' dir='ltr'>et,</span> <span class='ocrx_word' id='word_1_143' title='bbox 950 1799 983 1844; x_wconf 89' lang='lat' dir='ltr'>ut</span> <span class='ocrx_word' id='word_1_144' title='bbox 998 1787 1108 1843; x_wconf 82' lang='lat' dir='ltr'>Daniel</span> 
     </span>
     <span class='ocr_line' id='line_1_19' title="bbox 42 1877 1110 1947; baseline -0.004 -15"><span class='ocrx_word' id='word_1_145' title='bbox 42 1881 105 1947; x_wconf 83' lang='lat' dir='ltr'>ait,</span> <span class='ocrx_word' id='word_1_146' title='bbox 126 1879 291 1946; x_wconf 82' lang='lat' dir='ltr'>adfinem</span> <span class='ocrx_word' id='word_1_147' title='bbox 306 1880 358 1934; x_wconf 78' lang='grc' dir='ltr'>ιιιί</span> <span class='ocrx_word' id='word_1_148' title='bbox 374 1880 458 1934; x_wconf 79' lang='lat' dir='ltr'>venit</span> <span class='ocrx_word' id='word_1_149' title='bbox 474 1887 503 1933; x_wconf 85' lang='lat' dir='ltr'>et</span> <span class='ocrx_word' id='word_1_150' title='bbox 520 1897 610 1934; x_wconf 87' lang='lat' dir='ltr'>nemo</span> <span class='ocrx_word' id='word_1_151' title='bbox 627 1877 840 1936; x_wconf 63' lang='lat' dir='ltr'>auxiliabitur</span> <span class='ocrx_word' id='word_1_152' title='bbox 857 1879 893 1934; x_wconf 85' lang='lat' dir='ltr'>ei.</span> <span class='ocrx_word' id='word_1_153' title='bbox 926 1879 970 1932; x_wconf 86' lang='lat' dir='ltr'>lla</span> <span class='ocrx_word' id='word_1_154' title='bbox 984 1893 1110 1931; x_wconf 82' lang='lat' dir='ltr'>concur.</span> 
     </span>
     <span class='ocr_line' id='line_1_20' title="bbox 43 1967 1111 2042; baseline -0.002 -20"><span class='ocrx_word' id='word_1_155' title='bbox 43 1969 150 2024; x_wconf 74' lang='lat' dir='ltr'>rimus</span> <span class='ocrx_word' id='word_1_156' title='bbox 171 1967 330 2042; x_wconf 87' lang='lat' dir='ltr'>utrinque,</span> <span class='ocrx_word' id='word_1_157' title='bbox 356 1969 396 2024; x_wconf 91' lang='lat' dir='ltr'>illi</span> <span class='ocrx_word' id='word_1_158' title='bbox 423 1979 560 2024; x_wconf 85' lang='lat' dir='ltr'>extremo</span> <span class='ocrx_word' id='word_1_159' title='bbox 584 1971 705 2036; x_wconf 85' lang='lat' dir='ltr'>lurore,</span> <span class='ocrx_word' id='word_1_160' title='bbox 731 1985 786 2040; x_wconf 84' lang='lat' dir='ltr'>ego</span> <span class='ocrx_word' id='word_1_161' title='bbox 805 1983 922 2024; x_wconf 80' lang='lat' dir='ltr'>stimmo</span> <span class='ocrx_word' id='word_1_162' title='bbox 941 1975 1111 2040; x_wconf 72' lang='lat' dir='ltr'>contemtu,</span> 
     </span>
     <span class='ocr_line' id='line_1_21' title="bbox 44 2057 1112 2126; baseline 0 -14"><span class='ocrx_word' id='word_1_163' title='bbox 44 2071 78 2112; x_wconf 86' lang='lat' dir='ltr'>et</span> <span class='ocrx_word' id='word_1_164' title='bbox 99 2059 209 2115; x_wconf 82' lang='lat' dir='ltr'>vincet</span> <span class='ocrx_word' id='word_1_165' title='bbox 224 2059 342 2112; x_wconf 83' lang='lat' dir='ltr'>audacia</span> <span class='ocrx_word' id='word_1_166' title='bbox 356 2073 423 2116; x_wconf 86' lang='lat' dir='ltr'>mea</span> <span class='ocrx_word' id='word_1_167' title='bbox 443 2058 474 2114; x_wconf 88' lang='lat' dir='ltr'>in</span> <span class='ocrx_word' id='word_1_168' title='bbox 495 2057 618 2114; x_wconf 83' lang='lat' dir='ltr'>Christo</span> <span class='ocrx_word' id='word_1_169' title='bbox 640 2059 832 2124; x_wconf 71' lang='grc' dir='ltr'>,ιιοιίειιιιιιιιιιι</span> <span class='ocrx_word' id='word_1_170' title='bbox 857 2058 975 2114; x_wconf 82' lang='grc' dir='ltr'>ιιιοιιιιιι</span> <span class='ocrx_word' id='word_1_171' title='bbox 998 2068 1027 2112; x_wconf 87' lang='lat' dir='ltr'>et</span> <span class='ocrx_word' id='word_1_172' title='bbox 1046 2057 1112 2126; x_wconf 83' lang='lat' dir='ltr'>jam</span> 
     </span>
     <span class='ocr_line' id='line_1_22' title="bbox 44 2147 352 2219; baseline 0 -17"><span class='ocrx_word' id='word_1_173' title='bbox 44 2149 222 2219; x_wconf 84' lang='lat' dir='ltr'>pallentem</span> <span class='ocrx_word' id='word_1_174' title='bbox 239 2147 352 2202; x_wconf 83' lang='lat' dir='ltr'>loriam.</span> 
     </span>
    </p>

    <p class='ocr_par' dir='ltr' id='par_1_6' title="bbox 41 2225 1143 3288">
     <span class='ocr_line' id='line_1_23' title="bbox 121 2225 1114 2314; baseline -0.004 -22"><span class='ocrx_word' id='word_1_175' title='bbox 121 2237 226 2292; x_wconf 81' lang='lat' dir='ltr'>Aliam</span> <span class='ocrx_word' id='word_1_176' title='bbox 244 2253 316 2300; x_wconf 83' lang='lat' dir='ltr'>vero</span> <span class='ocrx_word' id='word_1_177' title='bbox 335 2239 433 2308; x_wconf 81' lang='lat' dir='ltr'>fugam</span> <span class='ocrx_word' id='word_1_178' title='bbox 445 2239 472 2292; x_wconf 86' lang='lat' dir='ltr'>in</span> <span class='ocrx_word' id='word_1_179' title='bbox 484 2225 661 2294; x_wconf 78' lang='lat' dir='ltr'>Bolreiniaun</span> <span class='ocrx_word' id='word_1_180' title='bbox 672 2237 812 2304; x_wconf 87' lang='lat' dir='ltr'>meditor,</span> <span class='ocrx_word' id='word_1_181' title='bbox 830 2253 867 2314; x_wconf 74' lang='lat' dir='ltr'>ne</span> <span class='ocrx_word' id='word_1_182' title='bbox 879 2235 951 2291; x_wconf 88' lang='lat' dir='ltr'>nihil</span> <span class='ocrx_word' id='word_1_183' title='bbox 964 2235 1027 2290; x_wconf 89' lang='lat' dir='ltr'>veri</span> <span class='ocrx_word' id='word_1_184' title='bbox 1039 2234 1114 2290; x_wconf 76' lang='lat' dir='ltr'>vati.</span> 
     </span>
     <span class='ocr_line' id='line_1_24' title="bbox 44 2323 1113 2400; baseline 0 -18"><span class='ocrx_word' id='word_1_185' title='bbox 44 2329 198 2382; x_wconf 85' lang='lat' dir='ltr'>cinentur</span> <span class='ocrx_word' id='word_1_186' title='bbox 220 2325 276 2382; x_wconf 76' lang='lat' dir='ltr'>sibi</span> <span class='ocrx_word' id='word_1_187' title='bbox 299 2323 429 2398; x_wconf 83' lang='lat' dir='ltr'>papisticl</span> <span class='ocrx_word' id='word_1_188' title='bbox 447 2323 616 2400; x_wconf 70' lang='lat' dir='ltr'>Pythonos,</span> <span class='ocrx_word' id='word_1_189' title='bbox 643 2329 696 2383; x_wconf 84' lang='lat' dir='ltr'>sed</span> <span class='ocrx_word' id='word_1_190' title='bbox 721 2329 757 2382; x_wconf 88' lang='lat' dir='ltr'>de</span> <span class='ocrx_word' id='word_1_191' title='bbox 782 2345 838 2400; x_wconf 84' lang='lat' dir='ltr'>qua</span> <span class='ocrx_word' id='word_1_192' title='bbox 861 2327 1005 2397; x_wconf 86' lang='lat' dir='ltr'>majorem</span> <span class='ocrx_word' id='word_1_193' title='bbox 1029 2343 1113 2400; x_wconf 81' lang='lat' dir='ltr'>com-</span> 
     </span>
     <span class='ocr_line' id='line_1_25' title="bbox 43 2399 1111 2490; baseline 0.002 -18"><span class='ocrx_word' id='word_1_194' title='bbox 43 2418 232 2490; x_wconf 78' lang='lat' dir='ltr'>punctionis</span> <span class='ocrx_word' id='word_1_195' title='bbox 248 2419 382 2490; x_wconf 85' lang='lat' dir='ltr'>spiritum</span> <span class='ocrx_word' id='word_1_196' title='bbox 400 2421 457 2473; x_wconf 82' lang='lat' dir='ltr'>sint</span> <span class='ocrx_word' id='word_1_197' title='bbox 474 2419 606 2490; x_wconf 83' lang='lat' dir='ltr'>passuri,</span> <span class='ocrx_word' id='word_1_198' title='bbox 631 2418 706 2473; x_wconf 90' lang='lat' dir='ltr'>baec</span> <span class='ocrx_word' id='word_1_199' title='bbox 732 2427 794 2484; x_wconf 87' lang='lat' dir='ltr'>est,</span> <span class='ocrx_word' id='word_1_200' title='bbox 815 2419 902 2488; x_wconf 81' lang='lat' dir='ltr'>juxta</span> <span class='ocrx_word' id='word_1_201' title='bbox 925 2418 995 2472; x_wconf 93' lang='lat' dir='ltr'>illud</span> <span class='ocrx_word' id='word_1_202' title='bbox 1012 2399 1111 2474; x_wconf 67' lang='lat' dir='ltr'>Moci:</span> 
     </span>
     <span class='ocr_line' id='line_1_26' title="bbox 41 2503 1143 2584; baseline -0.003 -22"><span class='ocrx_word' id='word_1_203' title='bbox 41 2504 240 2581; x_wconf 67' lang='lat' dir='ltr'>provocabo</span> <span class='ocrx_word' id='word_1_204' title='bbox 257 2523 308 2562; x_wconf 87' lang='lat' dir='ltr'>eos</span> <span class='ocrx_word' id='word_1_205' title='bbox 324 2507 359 2562; x_wconf 81' lang='lat' dir='ltr'>ln</span> <span class='ocrx_word' id='word_1_206' title='bbox 376 2525 442 2562; x_wconf 80' lang='lat' dir='ltr'>non</span> <span class='ocrx_word' id='word_1_207' title='bbox 457 2515 549 2581; x_wconf 67' lang='lat' dir='ltr'>pente</span> <span class='ocrx_word' id='word_1_208' title='bbox 566 2515 595 2562; x_wconf 81' lang='lat' dir='ltr'>et</span> <span class='ocrx_word' id='word_1_209' title='bbox 611 2508 646 2560; x_wconf 81' lang='lat' dir='ltr'>in</span> <span class='ocrx_word' id='word_1_210' title='bbox 662 2515 753 2581; x_wconf 79' lang='lat' dir='ltr'>qente</span> <span class='ocrx_word' id='word_1_211' title='bbox 765 2507 864 2564; x_wconf 80' lang='lat' dir='ltr'>stulta</span> <span class='ocrx_word' id='word_1_212' title='bbox 877 2503 1013 2562; x_wconf 80' lang='lat' dir='ltr'>irritabo</span> <span class='ocrx_word' id='word_1_213' title='bbox 1025 2505 1110 2560; x_wconf 80' lang='lat' dir='ltr'>illus.</span> <span class='ocrx_word' id='word_1_214' title='bbox 1139 2579 1143 2584; x_wconf 29' lang='grc' dir='ltr'>Ι</span> 
     </span>
     <span class='ocr_line' id='line_1_27' title="bbox 44 2597 1111 2669; baseline -0.004 -15"><span class='ocrx_word' id='word_1_215' title='bbox 44 2599 136 2654; x_wconf 85' lang='lat' dir='ltr'>Nam</span> <span class='ocrx_word' id='word_1_216' title='bbox 154 2606 272 2651; x_wconf 84' lang='lat' dir='ltr'>tantum</span> <span class='ocrx_word' id='word_1_217' title='bbox 286 2599 363 2652; x_wconf 78' lang='lat' dir='ltr'>meis</span> <span class='ocrx_word' id='word_1_218' title='bbox 385 2599 490 2652; x_wconf 76' lang='lat' dir='ltr'>libellis</span> <span class='ocrx_word' id='word_1_219' title='bbox 512 2597 594 2652; x_wconf 88' lang='lat' dir='ltr'>brevi</span> <span class='ocrx_word' id='word_1_220' title='bbox 618 2599 748 2669; x_wconf 87' lang='lat' dir='ltr'>propitio</span> <span class='ocrx_word' id='word_1_221' title='bbox 766 2597 887 2652; x_wconf 85' lang='lat' dir='ltr'>Christo</span> <span class='ocrx_word' id='word_1_222' title='bbox 912 2597 1051 2664; x_wconf 84' lang='lat' dir='ltr'>efficiam,</span> <span class='ocrx_word' id='word_1_223' title='bbox 1079 2607 1111 2650; x_wconf 90' lang='lat' dir='ltr'>ut</span> 
     </span>
     <span class='ocr_line' id='line_1_28' title="bbox 44 2685 1114 2759; baseline -0.004 -16"><span class='ocrx_word' id='word_1_224' title='bbox 44 2687 192 2744; x_wconf 75' lang='lat' dir='ltr'>liobemi</span> <span class='ocrx_word' id='word_1_225' title='bbox 204 2703 220 2739; x_wconf 86' lang='lat' dir='ltr'>a</span> <span class='ocrx_word' id='word_1_226' title='bbox 233 2703 287 2742; x_wconf 86' lang='lat' dir='ltr'>suo</span> <span class='ocrx_word' id='word_1_227' title='bbox 301 2687 464 2759; x_wconf 86' lang='lat' dir='ltr'>opprobrio</span> <span class='ocrx_word' id='word_1_228' title='bbox 474 2687 577 2754; x_wconf 88' lang='lat' dir='ltr'>liberi,</span> <span class='ocrx_word' id='word_1_229' title='bbox 595 2688 651 2740; x_wconf 77' lang='lat' dir='ltr'>soli</span> <span class='ocrx_word' id='word_1_230' title='bbox 669 2697 764 2740; x_wconf 87' lang='lat' dir='ltr'>autem</span> <span class='ocrx_word' id='word_1_231' title='bbox 776 2685 911 2758; x_wconf 84' lang='lat' dir='ltr'>Papistae</span> <span class='ocrx_word' id='word_1_232' title='bbox 929 2687 985 2740; x_wconf 85' lang='lat' dir='ltr'>sint</span> <span class='ocrx_word' id='word_1_233' title='bbox 999 2700 1114 2740; x_wconf 78' lang='lat' dir='ltr'>nornen</span> 
     </span>
     <span class='ocr_line' id='line_1_29' title="bbox 46 2775 1113 2844; baseline -0.004 -12"><span class='ocrx_word' id='word_1_234' title='bbox 46 2777 292 2832; x_wconf 72' lang='lat' dir='ltr'>abominationis</span> <span class='ocrx_word' id='word_1_235' title='bbox 308 2775 337 2830; x_wconf 85' lang='lat' dir='ltr'>in</span> <span class='ocrx_word' id='word_1_236' title='bbox 354 2775 428 2831; x_wconf 88' lang='lat' dir='ltr'>orbe</span> <span class='ocrx_word' id='word_1_237' title='bbox 453 2787 611 2844; x_wconf 86' lang='lat' dir='ltr'>terrarum,</span> <span class='ocrx_word' id='word_1_238' title='bbox 634 2787 669 2829; x_wconf 90' lang='lat' dir='ltr'>ut</span> <span class='ocrx_word' id='word_1_239' title='bbox 691 2775 880 2830; x_wconf 87' lang='lat' dir='ltr'>maledictum</span> <span class='ocrx_word' id='word_1_240' title='bbox 905 2785 934 2830; x_wconf 88' lang='lat' dir='ltr'>et</span> <span class='ocrx_word' id='word_1_241' title='bbox 959 2775 1113 2828; x_wconf 85' lang='lat' dir='ltr'>anathema</span> 
     </span>
     <span class='ocr_line' id='line_1_30' title="bbox 44 2863 1130 2938; baseline -0.004 -16"><span class='ocrx_word' id='word_1_242' title='bbox 44 2869 110 2934; x_wconf 80' lang='lat' dir='ltr'>ait,</span> <span class='ocrx_word' id='word_1_243' title='bbox 142 2877 224 2928; x_wconf 74' lang='lat' dir='ltr'>esee·</span> <span class='ocrx_word' id='word_1_244' title='bbox 241 2865 398 2938; x_wconf 79' lang='lat' dir='ltr'>Papiatam.</span> <span class='ocrx_word' id='word_1_245' title='bbox 431 2865 503 2922; x_wconf 89' lang='lat' dir='ltr'>Non</span> <span class='ocrx_word' id='word_1_246' title='bbox 528 2867 609 2937; x_wconf 87' lang='lat' dir='ltr'>quod</span> <span class='ocrx_word' id='word_1_247' title='bbox 627 2867 727 2920; x_wconf 85' lang='lat' dir='ltr'>omnia</span> <span class='ocrx_word' id='word_1_248' title='bbox 747 2867 953 2921; x_wconf 82' lang='lat' dir='ltr'>Bolromotum</span> <span class='ocrx_word' id='word_1_249' title='bbox 970 2863 1130 2938; x_wconf 54' lang='lat' dir='ltr'>probans</span> 
     </span>
     <span class='ocr_line' id='line_1_31' title="bbox 43 2955 1113 3028; baseline -0.003 -15"><span class='ocrx_word' id='word_1_250' title='bbox 43 2971 123 3016; x_wconf 85' lang='lat' dir='ltr'>cum</span> <span class='ocrx_word' id='word_1_251' title='bbox 143 2970 319 3012; x_wconf 71' lang='lat' dir='ltr'>occurreres</span> <span class='ocrx_word' id='word_1_252' title='bbox 337 2958 488 3028; x_wconf 79' lang='lat' dir='ltr'>ignorem,</span> <span class='ocrx_word' id='word_1_253' title='bbox 507 2967 534 3012; x_wconf 87' lang='lat' dir='ltr'>et</span> <span class='ocrx_word' id='word_1_254' title='bbox 554 2967 651 3010; x_wconf 84' lang='lat' dir='ltr'>sectas</span> <span class='ocrx_word' id='word_1_255' title='bbox 670 2973 735 3010; x_wconf 84' lang='lat' dir='ltr'>esse</span> <span class='ocrx_word' id='word_1_256' title='bbox 754 2957 896 3011; x_wconf 82' lang='lat' dir='ltr'>intereos</span> <span class='ocrx_word' id='word_1_257' title='bbox 912 2955 1042 3022; x_wconf 86' lang='lat' dir='ltr'>audiam,</span> <span class='ocrx_word' id='word_1_258' title='bbox 1060 2957 1113 3010; x_wconf 81' lang='lat' dir='ltr'>aed</span> 
     </span>
     <span class='ocr_line' id='line_1_32' title="bbox 43 3047 1114 3122; baseline -0.003 -19"><span class='ocrx_word' id='word_1_259' title='bbox 43 3049 140 3122; x_wconf 81' lang='lat' dir='ltr'>quod</span> <span class='ocrx_word' id='word_1_260' title='bbox 151 3047 302 3120; x_wconf 76' lang='lat' dir='ltr'>¹papiatica</span> <span class='ocrx_word' id='word_1_261' title='bbox 320 3048 403 3102; x_wconf 86' lang='lat' dir='ltr'>turba</span> <span class='ocrx_word' id='word_1_262' title='bbox 420 3047 475 3101; x_wconf 74' lang='lat' dir='ltr'>illia</span> <span class='ocrx_word' id='word_1_263' title='bbox 493 3057 660 3118; x_wconf 79' lang='lat' dir='ltr'>comparata</span> <span class='ocrx_word' id='word_1_264' title='bbox 679 3047 777 3101; x_wconf 85' lang='lat' dir='ltr'>foetor</span> <span class='ocrx_word' id='word_1_265' title='bbox 793 3057 821 3102; x_wconf 84' lang='lat' dir='ltr'>et</span> <span class='ocrx_word' id='word_1_266' title='bbox 840 3063 947 3102; x_wconf 76' lang='lat' dir='ltr'>nausea</span> <span class='ocrx_word' id='word_1_267' title='bbox 965 3047 1060 3102; x_wconf 83' lang='lat' dir='ltr'>lutura</span> <span class='ocrx_word' id='word_1_268' title='bbox 1073 3047 1114 3122; x_wconf 68' lang='lat' dir='ltr'>uit</span> 
     </span>
     <span class='ocr_line' id='line_1_33' title="bbox 43 3135 1114 3216; baseline -0.006 -20"><span class='ocrx_word' id='word_1_269' title='bbox 43 3143 76 3196; x_wconf 85' lang='lat' dir='ltr'>in</span> <span class='ocrx_word' id='word_1_270' title='bbox 97 3149 172 3194; x_wconf 89' lang='lat' dir='ltr'>toto</span> <span class='ocrx_word' id='word_1_271' title='bbox 198 3137 330 3204; x_wconf 63' lang='grc' dir='ltr'>ιιιιιιιιιο,</span> <span class='ocrx_word' id='word_1_272' title='bbox 352 3135 403 3209; x_wconf 88' lang='lat' dir='ltr'>qui</span> <span class='ocrx_word' id='word_1_273' title='bbox 426 3137 498 3191; x_wconf 90' lang='lat' dir='ltr'>nihil</span> <span class='ocrx_word' id='word_1_274' title='bbox 523 3137 589 3192; x_wconf 61' lang='lat' dir='ltr'>nita·</span> <span class='ocrx_word' id='word_1_275' title='bbox 603 3148 702 3216; x_wconf 78' lang='lat' dir='ltr'>sectae</span> <span class='ocrx_word' id='word_1_276' title='bbox 720 3147 788 3192; x_wconf 74' lang='lat' dir='ltr'>arant</span> <span class='ocrx_word' id='word_1_277' title='bbox 807 3137 879 3209; x_wconf 76' lang='lat' dir='ltr'>ipsi,</span> <span class='ocrx_word' id='word_1_278' title='bbox 903 3139 980 3192; x_wconf 82' lang='lat' dir='ltr'>adeo</span> <span class='ocrx_word' id='word_1_279' title='bbox 1003 3145 1035 3191; x_wconf 87' lang='lat' dir='ltr'>ut</span> <span class='ocrx_word' id='word_1_280' title='bbox 1056 3135 1114 3190; x_wconf 81' lang='lat' dir='ltr'>soli</span> 
     </span>
     <span class='ocr_line' id='line_1_34' title="bbox 44 3219 1002 3288; baseline -0.008 0"><span class='ocrx_word' id='word_1_281' title='bbox 44 3229 251 3288; x_wconf 80' lang='lat' dir='ltr'>b&#39;ranciscani</span> <span class='ocrx_word' id='word_1_282' title='bbox 268 3221 344 3284; x_wconf 72' lang='lat' dir='ltr'>inter</span> <span class='ocrx_word' id='word_1_283' title='bbox 361 3241 428 3282; x_wconf 82' lang='lat' dir='ltr'>sese</span> <span class='ocrx_word' id='word_1_284' title='bbox 445 3219 540 3281; x_wconf 82' lang='lat' dir='ltr'>¹ferme</span> <span class='ocrx_word' id='word_1_285' title='bbox 560 3239 614 3282; x_wconf 77' lang='lat' dir='ltr'>sex</span> <span class='ocrx_word' id='word_1_286' title='bbox 631 3229 718 3282; x_wconf 76' lang='lat' dir='ltr'>uectis</span> <span class='ocrx_word' id='word_1_287' title='bbox 736 3221 822 3282; x_wconf 67' lang='lat' dir='ltr'>aciaei</span> <span class='ocrx_word' id='word_1_288' title='bbox 839 3227 905 3282; x_wconf 78' lang='lat' dir='ltr'>sint.</span> <span class='ocrx_word' id='word_1_289' title='bbox 925 3272 928 3283; x_wconf 79' lang='grc'><strong>,</strong></span> <span class='ocrx_word' id='word_1_290' title='bbox 998 3251 1002 3260; x_wconf 90' lang='grc'><strong><em>·</em></strong></span> 
     </span>
    </p>

    <p class='ocr_par' dir='ltr' id='par_1_7' title="bbox 43 3303 1125 4022">
     <span class='ocr_line' id='line_1_35' title="bbox 121 3303 1112 3387; baseline -0.006 -11"><span class='ocrx_word' id='word_1_291' title='bbox 121 3319 209 3376; x_wconf 81' lang='lat' dir='ltr'>llaec</span> <span class='ocrx_word' id='word_1_292' title='bbox 225 3327 322 3374; x_wconf 85' lang='lat' dir='ltr'>autem</span> <span class='ocrx_word' id='word_1_293' title='bbox 339 3319 375 3372; x_wconf 89' lang='lat' dir='ltr'>ad</span> <span class='ocrx_word' id='word_1_294' title='bbox 392 3303 561 3384; x_wconf 71' lang='lat' dir='ltr'>teccrlbo,</span> <span class='ocrx_word' id='word_1_295' title='bbox 578 3319 675 3372; x_wconf 74' lang='lat' dir='ltr'>lleroa</span> <span class='ocrx_word' id='word_1_296' title='bbox 692 3327 857 3387; x_wconf 74' lang='lat' dir='ltr'>generose,</span> <span class='ocrx_word' id='word_1_297' title='bbox 875 3329 906 3370; x_wconf 88' lang='grc' dir='ltr'>ιιι</span> <span class='ocrx_word' id='word_1_298' title='bbox 917 3315 989 3370; x_wconf 83' lang='grc' dir='ltr'>ιιιιιιι</span> <span class='ocrx_word' id='word_1_299' title='bbox 1003 3317 1112 3370; x_wconf 82' lang='lat' dir='ltr'>initium</span> 
     </span>
     <span class='ocr_line' id='line_1_36' title="bbox 43 3407 1113 3482; baseline -0.009 -14"><span class='ocrx_word' id='word_1_300' title='bbox 43 3414 150 3482; x_wconf 78' lang='lat' dir='ltr'>hujus</span> <span class='ocrx_word' id='word_1_301' title='bbox 177 3411 262 3478; x_wconf 75' lang='lat' dir='ltr'>fugae</span> <span class='ocrx_word' id='word_1_302' title='bbox 286 3419 402 3480; x_wconf 77' lang='lat' dir='ltr'>captent</span> <span class='ocrx_word' id='word_1_303' title='bbox 419 3409 503 3480; x_wconf 52' lang='lat' dir='ltr'>*apud</span> <span class='ocrx_word' id='word_1_304' title='bbox 517 3419 565 3476; x_wconf 84' lang='lat' dir='ltr'>te,</span> <span class='ocrx_word' id='word_1_305' title='bbox 588 3409 642 3479; x_wconf 76' lang='lat' dir='ltr'>&#39;qui</span> <span class='ocrx_word' id='word_1_306' title='bbox 659 3423 764 3477; x_wconf 83' lang='lat' dir='ltr'>regnas</span> <span class='ocrx_word' id='word_1_307' title='bbox 783 3408 812 3461; x_wconf 86' lang='lat' dir='ltr'>in</span> <span class='ocrx_word' id='word_1_308' title='bbox 828 3407 991 3462; x_wconf 80' lang='lat' dir='ltr'>Bolremiae</span> <span class='ocrx_word' id='word_1_309' title='bbox 1014 3407 1113 3472; x_wconf 67' lang='lat' dir='ltr'>iabiu,</span> 
     </span>
     <span class='ocr_line' id='line_1_37' title="bbox 45 3495 1113 3572; baseline -0.006 -14"><span class='ocrx_word' id='word_1_310' title='bbox 45 3499 187 3558; x_wconf 80' lang='lat' dir='ltr'>confinis</span> <span class='ocrx_word' id='word_1_311' title='bbox 204 3499 409 3566; x_wconf 52' lang='lat' dir='ltr'>Gennaniaes</span> <span class='ocrx_word' id='word_1_312' title='bbox 423 3511 454 3553; x_wconf 87' lang='lat' dir='ltr'>ut</span> <span class='ocrx_word' id='word_1_313' title='bbox 472 3510 572 3572; x_wconf 84' lang='lat' dir='ltr'>perte</span> <span class='ocrx_word' id='word_1_314' title='bbox 594 3509 731 3568; x_wconf 85' lang='lat' dir='ltr'>tuamque</span> <span class='ocrx_word' id='word_1_315' title='bbox 749 3495 890 3552; x_wconf 83' lang='lat' dir='ltr'>didonem</span> <span class='ocrx_word' id='word_1_316' title='bbox 908 3497 1067 3568; x_wconf 82' lang='lat' dir='ltr'>procedam</span> <span class='ocrx_word' id='word_1_317' title='bbox 1085 3499 1113 3552; x_wconf 86' lang='lat' dir='ltr'>io</span> 
     </span>
     <span class='ocr_line' id='line_1_38' title="bbox 45 3585 1115 3660; baseline -0.004 -20"><span class='ocrx_word' id='word_1_318' title='bbox 45 3605 153 3648; x_wconf 77' lang='lat' dir='ltr'>terram</span> <span class='ocrx_word' id='word_1_319' title='bbox 167 3589 351 3644; x_wconf 83' lang='lat' dir='ltr'>Bohemiaur.</span> <span class='ocrx_word' id='word_1_320' title='bbox 369 3589 438 3642; x_wconf 84' lang='lat' dir='ltr'>Rex</span> <span class='ocrx_word' id='word_1_321' title='bbox 454 3589 546 3642; x_wconf 81' lang='lat' dir='ltr'>laicus</span> <span class='ocrx_word' id='word_1_322' title='bbox 558 3589 677 3660; x_wconf 75' lang='lat' dir='ltr'>scripsit</span> <span class='ocrx_word' id='word_1_323' title='bbox 689 3589 723 3640; x_wconf 82' lang='lat' dir='ltr'>ad</span> <span class='ocrx_word' id='word_1_324' title='bbox 735 3585 926 3642; x_wconf 83' lang='lat' dir='ltr'>sacerrimum</span> <span class='ocrx_word' id='word_1_325' title='bbox 939 3601 1023 3640; x_wconf 78' lang='lat' dir='ltr'>aarum</span> <span class='ocrx_word' id='word_1_326' title='bbox 1038 3585 1115 3640; x_wconf 76' lang='lat' dir='ltr'>Pon.</span> 
     </span>
     <span class='ocr_line' id='line_1_39' title="bbox 46 3675 1113 3748; baseline -0.007 -10"><span class='ocrx_word' id='word_1_327' title='bbox 46 3683 184 3738; x_wconf 85' lang='lat' dir='ltr'>tilicem.</span> <span class='ocrx_word' id='word_1_328' title='bbox 216 3677 283 3745; x_wconf 81' lang='lat' dir='ltr'>Ego</span> <span class='ocrx_word' id='word_1_329' title='bbox 312 3675 675 3748; x_wconf 35' lang='lat' dir='ltr'>quonrlamxmiseratione</span> <span class='ocrx_word' id='word_1_330' title='bbox 700 3675 798 3746; x_wconf 84' lang='lat' dir='ltr'>Papae</span> <span class='ocrx_word' id='word_1_331' title='bbox 824 3675 951 3730; x_wconf 79' lang='lat' dir='ltr'>clericus</span> <span class='ocrx_word' id='word_1_332' title='bbox 981 3675 1113 3730; x_wconf 82' lang='lat' dir='ltr'>scribere</span> 
     </span>
     <span class='ocr_line' id='line_1_40' title="bbox 47 3765 1113 3838; baseline -0.003 -15"><span class='ocrx_word' id='word_1_333' title='bbox 47 3771 148 3828; x_wconf 77' lang='lat' dir='ltr'>debui</span> <span class='ocrx_word' id='word_1_334' title='bbox 166 3769 203 3822; x_wconf 82' lang='lat' dir='ltr'>ud</span> <span class='ocrx_word' id='word_1_335' title='bbox 228 3768 498 3822; x_wconf 82' lang='lat' dir='ltr'>christianisainuun</span> <span class='ocrx_word' id='word_1_336' title='bbox 521 3769 638 3824; x_wconf 85' lang='lat' dir='ltr'>laicum.</span> <span class='ocrx_word' id='word_1_337' title='bbox 674 3767 771 3838; x_wconf 81' lang='lat' dir='ltr'>Audio</span> <span class='ocrx_word' id='word_1_338' title='bbox 783 3765 874 3832; x_wconf 67' lang='lat' dir='ltr'>‚enim</span> <span class='ocrx_word' id='word_1_339' title='bbox 897 3775 925 3820; x_wconf 87' lang='lat' dir='ltr'>te</span> <span class='ocrx_word' id='word_1_340' title='bbox 951 3765 1113 3820; x_wconf 76' lang='lat' dir='ltr'>incredibili</span> 
     </span>
     <span class='ocr_line' id='line_1_41' title="bbox 48 3855 1113 3930; baseline -0.003 -12"><span class='ocrx_word' id='word_1_341' title='bbox 48 3861 160 3918; x_wconf 81' lang='lat' dir='ltr'>studio</span> <span class='ocrx_word' id='word_1_342' title='bbox 178 3860 295 3916; x_wconf 81' lang='lat' dir='ltr'>fervere</span> <span class='ocrx_word' id='word_1_343' title='bbox 315 3859 343 3912; x_wconf 92' lang='lat' dir='ltr'>in</span> <span class='ocrx_word' id='word_1_344' title='bbox 361 3875 466 3930; x_wconf 85' lang='lat' dir='ltr'>puram</span> <span class='ocrx_word' id='word_1_345' title='bbox 478 3857 628 3928; x_wconf 81' lang='lat' dir='ltr'>Evangelii</span> <span class='ocrx_word' id='word_1_346' title='bbox 647 3855 1113 3926; x_wconf 59' lang='lat' dir='ltr'>veritatem,ret-abominationes</span> 
     </span>
     <span class='ocr_line' id='line_1_42' title="bbox 48 3932 1125 4022; baseline -0.007 -14"><span class='ocrx_word' id='word_1_347' title='bbox 48 3956 82 4008; x_wconf 79' lang='lat' dir='ltr'>‘et</span> <span class='ocrx_word' id='word_1_348' title='bbox 102 3932 246 4008; x_wconf 73' lang='lat' dir='ltr'>scandula</span> <span class='ocrx_word' id='word_1_349' title='bbox 262 3950 414 4006; x_wconf 84' lang='lat' dir='ltr'>Romanae</span> <span class='ocrx_word' id='word_1_350' title='bbox 439 3949 618 4021; x_wconf 75' lang='lat' dir='ltr'>pestilentiae</span> <span class='ocrx_word' id='word_1_351' title='bbox 642 3949 772 4022; x_wconf 86' lang='lat' dir='ltr'>undique</span> <span class='ocrx_word' id='word_1_352' title='bbox 791 3967 807 4004; x_wconf 87' lang='lat' dir='ltr'>e</span> <span class='ocrx_word' id='word_1_353' title='bbox 826 3959 877 4004; x_wconf 84' lang='lat' dir='ltr'>tuo</span> <span class='ocrx_word' id='word_1_354' title='bbox 895 3947 1025 4004; x_wconf 84' lang='lat' dir='ltr'>dominio</span> <span class='ocrx_word' id='word_1_355' title='bbox 1043 3965 1125 4022; x_wconf 80' lang='lat' dir='ltr'>pro..</span> 
     </span>
    </p>
   </div>
   <div class='ocr_carea' id='block_1_6' title="bbox 0 0 1356 4574">
    <p class='ocr_par' dir='ltr' id='par_1_8' title="bbox 0 0 1356 4574">
     <span class='ocr_line' id='line_1_43' title="bbox 0 0 1356 4574; baseline 0 0"><span class='ocrx_word' id='word_1_356' title='bbox 0 0 1356 4574; x_wconf 95' lang='lat' dir='ltr'> </span> 
     </span>
    </p>
   </div>
  </div>
 </body>
</html>
