2712 4558
560 307 724 416 snt.vv
1065 312 1125 384 sar

46 463 186 533 arrisit,
215 463 362 524 sed'nibil
375 469 539 542 respondit.
575 471 805 530 Interim'videu
830 471 1001 544 hujusmodi
1019 471 1125 546 ¹)'pia.
1198 481 1200 498 ⁵

47 556 169 612 cuisse
190 558 348 626 consilium
365 571 394 616 et
410 553 531 632 optare,
548 573 582 618 ut
594 563 623 617 id
635 564 665 631 ²)
683 561 909 642 quamprimum
922 572 1123 620 maturaretur.

48 643 94 700 Id
115 657 227 702 autem
244 660 305 702 tum
324 651 566 706 commodissime
583 651 683 722 fieret,
704 652 735 707 si
751 653 879 724 populus
896 652 1035 730 Prussiae
1053 669 1123 708 curn

48 737 253 806 proceribus
271 739 332 794 suis
349 739 482 804 instructi
501 742 641 812 precibus
658 751 728 796 e'um
739 751 943 812 urgerent,=ut
955 743 1015 798 hoc
1027 743 1124 814 ipsunt
1166 725 1168 742 ⁸

52 835 246 899 attentaret:
263 828 308 884 sic
325 830 420 898 soret,
439 841 471 886 ut
488 843 606 887 causam
624 831 746 888 haberet
761 827 1126 905 necessariametpolien.

49 927 128 972 tem
161 918 201 972 ad
225 934 318 989 opus,
342 921 423 991 quud
446 931 537 992 optat.
571 922 610 978 Et
625 922 658 1004 ¹in
674 923 753 992 hoc,
779 923 930 990 nitidior,
954 923 1079 978 mittitur
1094 921 1125 992 ³)

46 1007 158 1061 etiam
176 1005 289 1063 Paulus
307 1009 454 1081 speratus.
488 1010 564 1070 cun
587 1029 659 1082 ergo
683 1012 733 1066 hic
757 1012 858 1068 videas
885 1011 997 1070 ostium
1020 1010 1125 1085 aperiri

51 1112 178 1168 magno
198 1106 227 1151 et
244 1097 368 1154 miriiiro
387 1100 469 1172 operi
483 1099 627 1170 Domini,
646 1117 706 1174 quo
725 1098 895 1174 exemplum
908 1119 1029 1175 quoque
1041 1120 1126 1174 prae.

55 1185 198 1242 ber-etur
214 1188 276 1243 aliis
293 1191 404 1246 nostris
424 1191 591 1264 episcopis,
617 1193 668 1264 qui
690 1192 817 1262 vellent,
843 1201 874 1248 et
896 1193 959 1246 sine
984 1177 1124 1264 exemplo

54 1293 128 1332 uon
148 1279 260 1336 audent
277 1293 343 1334 esse
360 1279 464 1350 primis
484 1280 621 1352 intelligis
631 1281 695 1351 jam
711 1267 752 1337 tui
768 1281 901 1338 muneris
920 1297 1002 1350 esse,
1016 1293 1051 1336 ,ut
1067 1298 1137 1338 una·

55 1382 141 1420 cum
158 1367 285 1437 Sperato
303 1377 332 1422 et
348 1369 484 1424 Amantio
502 1351 627 1442 aliisque
644 1371 785 1426 ministris
802 1370 886 1425 verbi
899 1373 1047 1442 'poputum
1063 1372 1126 1426 buc

56 1457 190 1512 ducatis
208 1467 239 1513 et
255 1457 422 1514 accendatis
440 1470 472 1513 et
488 1459 638 1530 animetis,
654 1473 688 1516 ut
705 1461 833 1532 primum
850 1461 989 1530 invocent
1005 1465 1125 1540 manunt

56 1545 151 1615 Dei,
169 1557 205 1602 ut
223 1547 292 1602 ioco
309 1548 393 1604 istius
411 1549 613 1606 abominabilis
631 1550 838 1622 Principatus,
865 1552 914 1622 qui
932 1551 1126 1624 hermaphro.
1206 1591 1208 1602 .

58 1637 126 1692 dita
145 1638 284 1708 quidam,
301 1654 357 1692 nec
372 1640 466 1696 laicus
483 1647 539 1694 nec
555 1639 711 1709 religiosus
729 1649 792 1708 est,
816 1649 916 1710 optent
928 1633 962 1708 ⁸⁴)
980 1649 1009 1696 et
1026 1651 1127 1712 petant

55 1729 169 1798 justae
199 1729 311 1784 formae
336 1729 552 1802 Principatum,
582 1740 611 1785 et
637 1733 761 1802 pertas-si
789 1731 975 1794 scortationis
1003 1719 1136 1801 urgeant,

60 1817 215 1888 precibus
242 1819 449 1874 communibus
474 1831 502 1874 et
524 1819 722 1876 concordibus
740 1819 917 1890 Magistrum
943 1821 1069 1890 ordinis,
1091 1831 1126 1876 ut

61 1924 171 1964 uxore
190 1907 275 1964 ducta
291 1909 453 1979 legitimum
471 1925 510 1965 ex
526 1919 663 1964 monstro
682 1913 737 1964 isto
755 1911 839 1965 faciat
861 1911 1027 1981 imperium.

137 1998 224 2054 Hanc
242 2009 339 2054 autern
356 2000 578 2072 persuasionem
597 2000 693 2070 vulgi,
718 2019 755 2056 ne
778 2001 874 2056 subita
898 2003 934 2056 sit
957 2001 1079 2055 nimium
1097 2007 1126 2056 et
1175 2059 1179 2072 ,

61 2104 195 2161 aspera,
217 2089 312 2160 primo
329 2089 625 2161 per'insiuuationem
642 2103 669 2143 et
687 2091 888 2162 quaestionem
907 2091 1035 2159 adoriri,
1044 2084 1075 2172 ⁵)
1092 2100 1126 2146 ut
1191 2083 1193 2092 '

63 2181 235 2254 proposito
252 2179 398 2249 themate,
424 2197 469 2236 sc.
487 2193 647 2254 postquam
663 2182 781 2236 videant
799 2183 933 2238 ordinem
950 2181 1040 2238 istum
1057 2198 1129 2238 esse
1231 2241 1235 2250 ,

64 2270 252 2344 hypocrisin
270 2269 511 2340 abominabilem,
531 2271 687 2342 pulchrum
705 2273 785 2341 fore,
811 2271 836 2327 si
853 2272 998 2344 Magister
1014 2273 1124 2344 ordinis
1217 2291 1224 2308 ¹

64 2377 173 2417 uxore
193 2362 279 2416 ducta
296 2354 326 2416 ei
341 2353 368 2428 ⁶)
391 2361 452 2416 aliis
469 2351 539 2417 item
556 2361 696 2418 Dominis
720 2372 826 2418 terram
849 2365 1051 2418 consentiente
1072 2381 1126 2436 po.

65 2452 147 2524 pulo
165 2452 198 2506 in
212 2449 364 2522 politicam
382 2451 536 2522 redigeret.
569 2451 627 2506 Ubi
652 2463 751 2507 autem
775 2453 811 2508 de
836 2453 897 2508 hoc
923 2447 1052 2508 themate
1075 2452 1126 2506 aii.

65 2541 252 2614 quantulum
281 2541 491 2610 disputaverint
518 2550 547 2596 et
571 2541 764 2610 contulerint,
792 2557 826 2596 ac
853 2543 883 2598 in
907 2541 984 2598 hanc
1010 2549 1126 2616 partem

66 2631 163 2686 animi
179 2629 313 2686 inclinari
329 2629 520 2698 viderentur,
541 2641 614 2687 tunc
632 2632 727 2704 palam
744 2640 774 2686 et
791 2630 923 2702 copiosis
947 2631 1125 2701 argumentis
1147 2649 1152 2661 ‘

65 2739 124 2778 res
143 2731 228 2777 esset
243 2721 372 2791 urgenda
389 2731 420 2776 et
436 2715 649 2794 promovenda.
678 2716 849 2793 'Episcopb
863 2719 1024 2796 Sambicnsi
1047 2721 1126 2779 idern

67 2811 205 2868 faciendi
228 2809 357 2866 studium
375 2815 441 2866 esse
467 2827 622 2882 cuperem:
650 2809 703 2865 sed
729 2811 794 2881 quia
819 2809 972 2882 prudentia
995 2809 1056 2867 hoc
1079 2811 1125 2882 agi

67 2901 185 2970 debet,
204 2899 352 2956 videretur
367 2901 474 2970 tutius,
499 2911 532 2956 ut
548 2901 629 2956 reiut
647 2901 831 2970 suspendens
849 2901 1023 2960 sententiam
1037 2899 1126 2974 appa.
1206 2943 1209 2950 .

66 3001 165 3048 reret.
200 2991 335 3054 Tandem
350 2975 508 3058 accedente
525 2991 637 3062 populo
656 3000 686 3045 et
702 2983 731 3057 ⁷)
748 2991 845 3046 victus
863 2993 1061 3062 argumentis,
1078 3006 1127 3048 se.

66 3093 221 3156 queretur
236 3091 264 3136 et
280 3083 372 3153 ipsius
389 3057 540 3137 adtonitas.
574 3079 685 3136 Verum
701 3081 780 3152 dabit
795 3081 882 3136 vobis
895 3081 1031 3153 Christus
1049 3091 1078 3136 et
1095 3083 1127 3138 in

67 3171 119 3229 bis
140 3181 172 3226 et
189 3171 328 3228 omnibus
346 3189 382 3228 os
400 3183 428 3226 et
444 3171 579 3243 spiritum
595 3171 772 3246 sapientiae,
795 3172 905 3244 pupulo
924 3188 995 3227 vero
1006 3157 1126 3242 intelle.

69 3273 159 3318 mum
180 3272 212 3316 et
236 3276 376 3331 wasnau,
403 3271 489 3318 utre
513 3253 576 3330 ipsa
599 3261 762 3315 doceamini
786 3262 909 3328 meiius,
936 3275 1025 3332 quam
1049 3261 1124 3316 meis
1181 3299 1186 3318 r

69 3351 290 3424 praescriptis,
307 3345 460 3422 quomodo
477 3351 526 3423 hic
543 3349 685 3420 agendum
703 3350 748 3405 sit.

20 3427 30 3446 ⁸
141 3441 361 3506 Anuotatiooes
377 3441 407 3495 iu
423 3439 693 3495 Deuteronomium
711 3439 785 3506 edu,
802 3438 957 3508 inscriptas
972 3448 1001 3496 et
1012 3453 1126 3493 nuncu.

70 3541 160 3601 petas
185 3529 338 3602 Episcopo
355 3529 539 3585 *Sambiensh
557 3527 587 3595 ⁴)
612 3528 665 3583 sed
688 3523 933 3600 occupationibus
950 3521 984 3596 ³)
1002 3542 1126 3586 vexatus
1219 3594 1221 3605 ,

125 3697 345 3754 nunnuonint.
386 3697 571 3754 tatius-id.
608 3673 714 3750 iittnu.
727 3697 842 3744 mittetur.
880 3699 1126 3757 titinnexoptent.
1228 3747 1233 3754 ,

74 3771 321 3828 immittuntur..
356 3767 536 3826 bibiturum.
586 3771 609 3827 7)
628 3771 848 3826 tindeouvietur.
863 3774 966 3824 tentet.
1015 3775 1037 3828 Β)
1057 3777 1124 3825 tint.

74 3845 295 3905 compassionibus.
312 3895 316 3904 ,

39 3959 43 3965 Δ
127 4007 153 4056 ⁸)
166 4001 215 4052 eit
229 4000 353 4054 rst'ttirntn
366 4003 400 4050 tn
412 4002 475 4058 unat
488 4003 544 4051 1525.
